<?xml version="1.0" encoding="UTF-8"?>
<!DOCTYPE html PUBLIC "-//W3C//DTD XHTML 1.0 Transitional//EN"
    "http://www.w3.org/TR/xhtml1/DTD/xhtml1-transitional.dtd">
<html xmlns="http://www.w3.org/1999/xhtml" xml:lang="en" lang="en">
 <head>
  <title>
</title>
<meta http-equiv="Content-Type" content="text/html;charset=utf-8" />
  <meta name='ocr-system' content='tesseract 3.04.00' />
  <meta name='ocr-capabilities' content='ocr_page ocr_carea ocr_par ocr_line ocrx_word'/>
</head>
<body>
  <div class='ocr_page' id='page_1' title='image "./quintihoratiifl01longgoog/quintihoratiifl01longgoog_0343.png"; bbox 0 0 3000 4984; ppageno 0'>
   <div class='ocr_carea' id='block_1_1' title="bbox 424 401 1236 481">
    <p class='ocr_par' dir='ltr' id='par_1_1' title="bbox 424 401 1236 481">
     <span class='ocr_line' id='line_1_1' title="bbox 424 401 1236 481; baseline 0 -15"><span class='ocrx_word' id='word_1_1' title='bbox 424 401 609 467; x_wconf 85' lang='lat' dir='ltr'>EPODON</span> <span class='ocrx_word' id='word_1_2' title='bbox 636 402 786 481; x_wconf 83' lang='lat' dir='ltr'>LIBER,</span> <span class='ocrx_word' id='word_1_3' title='bbox 811 403 861 466; x_wconf 82' lang='lat'><strong>12.</strong></span> <span class='ocrx_word' id='word_1_4' title='bbox 1174 403 1236 466; x_wconf 79' lang='lat'><strong>303</strong></span> 
     </span>
    </p>
   </div>
   <div class='ocr_carea' id='block_1_2' title="bbox 215 573 1109 757">
    <p class='ocr_par' dir='ltr' id='par_1_2' title="bbox 215 573 1109 757">
     <span class='ocr_line' id='line_1_2' title="bbox 215 573 1109 659; baseline -0.002 -20"><span class='ocrx_word' id='word_1_5' title='bbox 215 574 314 639; x_wconf 87' lang='lat' dir='ltr'><strong>Unde</strong></span> <span class='ocrx_word' id='word_1_6' title='bbox 327 574 471 659; x_wconf 82' lang='lat' dir='ltr'><strong>expedire</strong></span> <span class='ocrx_word' id='word_1_7' title='bbox 485 597 549 638; x_wconf 88' lang='lat' dir='ltr'><strong>non</strong></span> <span class='ocrx_word' id='word_1_8' title='bbox 563 573 736 638; x_wconf 88' lang='lat' dir='ltr'><strong>amicorum</strong></span> <span class='ocrx_word' id='word_1_9' title='bbox 750 578 868 659; x_wconf 85' lang='lat' dir='ltr'><strong>queant</strong></span> <span class='ocrx_word' id='word_1_10' title='bbox 1075 590 1109 638; x_wconf 73' lang='lat'><strong>25</strong></span> 
     </span>
     <span class='ocr_line' id='line_1_3' title="bbox 261 672 949 757; baseline 0 -21"><span class='ocrx_word' id='word_1_11' title='bbox 261 673 375 737; x_wconf 81' lang='lat' dir='ltr'><strong>Libera</strong></span> <span class='ocrx_word' id='word_1_12' title='bbox 389 672 519 736; x_wconf 88' lang='lat' dir='ltr'><strong>consilia</strong></span> <span class='ocrx_word' id='word_1_13' title='bbox 532 694 590 737; x_wconf 90' lang='lat' dir='ltr'><strong>nec</strong></span> <span class='ocrx_word' id='word_1_14' title='bbox 603 673 811 737; x_wconf 79' lang='lat' dir='ltr'><strong>contumeliae</strong></span> <span class='ocrx_word' id='word_1_15' title='bbox 825 695 949 757; x_wconf 85' lang='lat' dir='ltr'><strong>graves,</strong></span> 
     </span>
    </p>
   </div>
   <div class='ocr_carea' id='block_1_3' title="bbox 216 769 1035 952">
    <p class='ocr_par' dir='ltr' id='par_1_3' title="bbox 216 769 1035 952">
     <span class='ocr_line' id='line_1_4' title="bbox 216 769 848 853; baseline -0.002 -18"><span class='ocrx_word' id='word_1_16' title='bbox 216 771 283 835; x_wconf 84' lang='lat' dir='ltr'><strong>Sed</strong></span> <span class='ocrx_word' id='word_1_17' title='bbox 295 771 375 834; x_wconf 89' lang='lat' dir='ltr'><strong>alius</strong></span> <span class='ocrx_word' id='word_1_18' title='bbox 389 771 480 834; x_wconf 84' lang='lat' dir='ltr'><strong>ardor</strong></span> <span class='ocrx_word' id='word_1_19' title='bbox 493 777 550 834; x_wconf 89' lang='lat' dir='ltr'><strong>aut</strong></span> <span class='ocrx_word' id='word_1_20' title='bbox 563 769 685 853; x_wconf 88' lang='lat' dir='ltr'><strong>puellae</strong></span> <span class='ocrx_word' id='word_1_21' title='bbox 699 770 848 834; x_wconf 88' lang='lat' dir='ltr'><strong>candidae</strong></span> 
     </span>
     <span class='ocr_line' id='line_1_5' title="bbox 260 867 1035 952; baseline -0.001 -20"><span class='ocrx_word' id='word_1_22' title='bbox 260 871 330 932; x_wconf 86' lang='lat' dir='ltr'><strong>Aut</strong></span> <span class='ocrx_word' id='word_1_23' title='bbox 342 869 451 933; x_wconf 85' lang='lat' dir='ltr'><strong>teretis</strong></span> <span class='ocrx_word' id='word_1_24' title='bbox 464 868 553 952; x_wconf 87' lang='lat' dir='ltr'><strong>pueri</strong></span> <span class='ocrx_word' id='word_1_25' title='bbox 567 867 695 952; x_wconf 82' lang='lat' dir='ltr'><strong>longam</strong></span> <span class='ocrx_word' id='word_1_26' title='bbox 710 867 890 933; x_wconf 86' lang='lat' dir='ltr'><strong>renodantis</strong></span> <span class='ocrx_word' id='word_1_27' title='bbox 905 889 1035 932; x_wconf 89' lang='lat' dir='ltr'><strong>comam.</strong></span> 
     </span>
    </p>
   </div>
   <div class='ocr_carea' id='block_1_4' title="bbox 68 1051 1238 1638">
    <p class='ocr_par' dir='ltr' id='par_1_4' title="bbox 68 1051 1238 1569">
     <span class='ocr_line' id='line_1_6' title="bbox 69 1051 1237 1118; baseline 0.002 -18"><span class='ocrx_word' id='word_1_28' title='bbox 69 1051 167 1102; x_wconf 52' lang='lat' dir='ltr'><strong>&amp;aaa</strong></span> <span class='ocrx_word' id='word_1_29' title='bbox 182 1053 258 1103; x_wconf 78' lang='lat' dir='ltr'><strong>cuc.</strong></span> <span class='ocrx_word' id='word_1_30' title='bbox 274 1055 291 1102; x_wconf 85' lang='lat' dir='ltr'><strong>i.</strong></span> <span class='ocrx_word' id='word_1_31' title='bbox 308 1056 331 1102; x_wconf 92' lang='lat'><strong>1.</strong></span> <span class='ocrx_word' id='word_1_32' title='bbox 348 1055 382 1103; x_wconf 71' lang='grc'><strong>98</strong></span> <span class='ocrx_word' id='word_1_33' title='bbox 402 1052 627 1117; x_wconf 84' lang='lat' dir='ltr'><strong>[‘round·limbad&#39;</strong></span> <span class='ocrx_word' id='word_1_34' title='bbox 658 1053 905 1118; x_wconf 57' lang='lat' dir='ltr'><strong>‘Dianam&#39;sssgcn</strong></span> <span class='ocrx_word' id='word_1_35' title='bbox 917 1069 941 1101; x_wconf 86' lang='lat' dir='ltr'><strong>v.</strong></span> <span class='ocrx_word' id='word_1_36' title='bbox 950 1052 1018 1118; x_wconf 83' lang='grc'><strong>381).</strong></span> <span class='ocrx_word' id='word_1_37' title='bbox 1045 1053 1079 1102; x_wconf 82' lang='lat' dir='ltr'><strong>As</strong></span> <span class='ocrx_word' id='word_1_38' title='bbox 1089 1055 1132 1104; x_wconf 88' lang='lat' dir='ltr'><strong>the</strong></span> <span class='ocrx_word' id='word_1_39' title='bbox 1141 1053 1207 1103; x_wconf 79' lang='lat' dir='ltr'><strong>word</strong></span> <span class='ocrx_word' id='word_1_40' title='bbox 1217 1054 1237 1102; x_wconf 87' lang='lat' dir='ltr'><strong>is</strong></span> 
     </span>
     <span class='ocr_line' id='line_1_7' title="bbox 68 1117 1237 1183; baseline 0.003 -18"><span class='ocrx_word' id='word_1_41' title='bbox 68 1117 84 1162; x_wconf 66' lang='lat' dir='ltr'><strong>ie</strong></span> <span class='ocrx_word' id='word_1_42' title='bbox 101 1117 192 1183; x_wconf 70' lang='lat' dir='ltr'><strong>tettan]</strong></span> <span class='ocrx_word' id='word_1_43' title='bbox 226 1121 261 1168; x_wconf 84' lang='grc' dir='ltr'><strong>Δι</strong></span> <span class='ocrx_word' id='word_1_44' title='bbox 277 1123 306 1168; x_wconf 86' lang='lat' dir='ltr'><strong>to</strong></span> <span class='ocrx_word' id='word_1_45' title='bbox 325 1119 438 1182; x_wconf 77' lang='lat' dir='ltr'><strong>‘longam</strong></span> <span class='ocrx_word' id='word_1_46' title='bbox 454 1119 565 1175; x_wconf 88' lang='lat' dir='ltr'><strong>ccmam,&#39;</strong></span> <span class='ocrx_word' id='word_1_47' title='bbox 588 1133 628 1168; x_wconf 87' lang='lat' dir='ltr'><strong>see</strong></span> <span class='ocrx_word' id='word_1_48' title='bbox 659 1122 704 1167; x_wconf 84' lang='lat' dir='ltr'><strong>not</strong></span> <span class='ocrx_word' id='word_1_49' title='bbox 718 1118 796 1167; x_wconf 79' lang='lat' dir='ltr'><strong>found</strong></span> <span class='ocrx_word' id='word_1_50' title='bbox 821 1133 869 1181; x_wconf 77' lang='lat' dir='ltr'><strong>any</strong></span> <span class='ocrx_word' id='word_1_51' title='bbox 888 1119 968 1168; x_wconf 77' lang='lat' dir='ltr'><strong>where</strong></span> <span class='ocrx_word' id='word_1_52' title='bbox 989 1119 1045 1172; x_wconf 83' lang='lat' dir='ltr'><strong>else.</strong></span> <span class='ocrx_word' id='word_1_53' title='bbox 1063 1120 1169 1182; x_wconf 85' lang='lat' dir='ltr'><strong>perhaps</strong></span> <span class='ocrx_word' id='word_1_54' title='bbox 1186 1119 1237 1168; x_wconf 84' lang='lat' dir='ltr'><strong>this</strong></span> 
     </span>
     <span class='ocr_line' id='line_1_8' title="bbox 68 1181 1237 1246; baseline 0.003 -18"><span class='ocrx_word' id='word_1_55' title='bbox 68 1181 90 1229; x_wconf 81' lang='lat' dir='ltr'><strong>c.</strong></span> <span class='ocrx_word' id='word_1_56' title='bbox 108 1183 136 1230; x_wconf 86' lang='lat' dir='ltr'><strong>iv.</strong></span> <span class='ocrx_word' id='word_1_57' title='bbox 158 1185 197 1232; x_wconf 88' lang='lat'><strong>10.</strong></span> <span class='ocrx_word' id='word_1_58' title='bbox 220 1185 278 1232; x_wconf 79' lang='lat' dir='ltr'><strong>8n.</strong></span> <span class='ocrx_word' id='word_1_59' title='bbox 323 1183 509 1242; x_wconf 84' lang='lat' dir='ltr'><strong>‘Renodantis,’</strong></span> <span class='ocrx_word' id='word_1_60' title='bbox 545 1183 627 1231; x_wconf 83' lang='lat' dir='ltr'><strong>which</strong></span> <span class='ocrx_word' id='word_1_61' title='bbox 659 1183 743 1231; x_wconf 82' lang='lat' dir='ltr'><strong>writer</strong></span> <span class='ocrx_word' id='word_1_62' title='bbox 754 1183 813 1232; x_wconf 80' lang='lat' dir='ltr'><strong>took</strong></span> <span class='ocrx_word' id='word_1_63' title='bbox 825 1183 846 1232; x_wconf 86' lang='lat' dir='ltr'><strong>it</strong></span> <span class='ocrx_word' id='word_1_64' title='bbox 857 1183 920 1232; x_wconf 86' lang='lat' dir='ltr'><strong>from</strong></span> <span class='ocrx_word' id='word_1_65' title='bbox 937 1183 1041 1239; x_wconf 84' lang='lat' dir='ltr'><strong>Horace,</strong></span> <span class='ocrx_word' id='word_1_66' title='bbox 1059 1184 1194 1246; x_wconf 81' lang='lat' dir='ltr'><strong>mistaking</strong></span> <span class='ocrx_word' id='word_1_67' title='bbox 1209 1199 1237 1232; x_wconf 84' lang='lat' dir='ltr'><strong>or</strong></span> 
     </span>
     <span class='ocr_line' id='line_1_9' title="bbox 68 1247 1236 1312; baseline 0.002 -18"><span class='ocrx_word' id='word_1_68' title='bbox 68 1262 122 1294; x_wconf 77' lang='lat' dir='ltr'><strong>acme</strong></span> <span class='ocrx_word' id='word_1_69' title='bbox 142 1249 228 1297; x_wconf 79' lang='lat' dir='ltr'><strong>render</strong></span> <span class='ocrx_word' id='word_1_70' title='bbox 263 1250 394 1312; x_wconf 53' lang='lat' dir='ltr'><strong>‘unauna</strong></span> <span class='ocrx_word' id='word_1_71' title='bbox 427 1248 477 1296; x_wconf 89' lang='lat' dir='ltr'><strong>and</strong></span> <span class='ocrx_word' id='word_1_72' title='bbox 512 1247 627 1311; x_wconf 78' lang='lat' dir='ltr'><strong>allowing</strong></span> <span class='ocrx_word' id='word_1_73' title='bbox 658 1248 766 1310; x_wconf 69' lang='lat' dir='ltr'><strong>alten-ing</strong></span> <span class='ocrx_word' id='word_1_74' title='bbox 778 1248 820 1296; x_wconf 81' lang='lat' dir='ltr'><strong>the</strong></span> <span class='ocrx_word' id='word_1_75' title='bbox 832 1248 953 1311; x_wconf 79' lang='lat' dir='ltr'><strong>meaning.</strong></span> <span class='ocrx_word' id='word_1_76' title='bbox 986 1247 1236 1297; x_wconf 84' lang='lat' dir='ltr'><strong>Ifind‘renidentis&#39;</strong></span> 
     </span>
     <span class='ocr_line' id='line_1_10' title="bbox 69 1311 1238 1391; baseline 0.003 -33"><span class='ocrx_word' id='word_1_77' title='bbox 69 1311 143 1387; x_wconf 75' lang='lat' dir='ltr'><strong>tqflow</strong></span> <span class='ocrx_word' id='word_1_78' title='bbox 157 1329 221 1391; x_wconf 86' lang='lat' dir='ltr'><strong>upon</strong></span> <span class='ocrx_word' id='word_1_79' title='bbox 231 1313 271 1362; x_wconf 82' lang='lat' dir='ltr'><strong>his</strong></span> <span class='ocrx_word' id='word_1_80' title='bbox 286 1312 430 1390; x_wconf 62' lang='lat' dir='ltr'><strong>shoqildem’</strong></span> <span class='ocrx_word' id='word_1_81' title='bbox 440 1328 525 1390; x_wconf 80' lang='lat' dir='ltr'><strong>means</strong></span> <span class='ocrx_word' id='word_1_82' title='bbox 540 1312 627 1390; x_wconf 62' lang='lat' dir='ltr'><strong>ratljer</strong></span> <span class='ocrx_word' id='word_1_83' title='bbox 658 1312 863 1389; x_wconf 77' lang='lat' dir='ltr'><strong>intheVenetian</strong></span> <span class='ocrx_word' id='word_1_84' title='bbox 873 1312 965 1389; x_wconf 75' lang='lat' dir='ltr'><strong>edition</strong></span> <span class='ocrx_word' id='word_1_85' title='bbox 973 1313 1002 1360; x_wconf 83' lang='lat' dir='ltr'><strong>of</strong></span> <span class='ocrx_word' id='word_1_86' title='bbox 1006 1314 1076 1368; x_wconf 80' lang='lat'>1483,</span> <span class='ocrx_word' id='word_1_87' title='bbox 1089 1313 1138 1362; x_wconf 81' lang='lat' dir='ltr'><strong>and</strong></span> <span class='ocrx_word' id='word_1_88' title='bbox 1145 1313 1238 1390; x_wconf 77' lang='lat' dir='ltr'><strong>Gespcr</strong></span> 
     </span>
     <span class='ocr_line' id='line_1_11' title="bbox 69 1376 1237 1499; baseline 0.005 -14"><span class='ocrx_word' id='word_1_89' title='bbox 69 1376 628 1499; x_wconf 49' lang='lat' dir='ltr'><strong>tfflfflehss‘iisstai‘laiffissffii</strong></span> <span class='ocrx_word' id='word_1_90' title='bbox 658 1380 782 1492; x_wconf 50' lang='lat' dir='ltr'><strong>itti}</strong></span> <span class='ocrx_word' id='word_1_91' title='bbox 792 1377 1237 1493; x_wconf 61' lang='lat' dir='ltr'><strong>accrescentium</strong></span> 
     </span>
     <span class='ocr_line' id='line_1_12' title="bbox 69 1458 1007 1569; baseline 0.006 -17"><span class='ocrx_word' id='word_1_92' title='bbox 69 1505 152 1555; x_wconf 77' lang='lat' dir='ltr'><strong>Foroell.</strong></span> <span class='ocrx_word' id='word_1_93' title='bbox 167 1508 225 1557; x_wconf 82' lang='lat' dir='ltr'><strong>dees</strong></span> <span class='ocrx_word' id='word_1_94' title='bbox 235 1513 280 1558; x_wconf 86' lang='lat' dir='ltr'><strong>not</strong></span> <span class='ocrx_word' id='word_1_95' title='bbox 289 1508 386 1557; x_wconf 84' lang='lat' dir='ltr'><strong>notice:</strong></span> <span class='ocrx_word' id='word_1_96' title='bbox 404 1507 511 1569; x_wconf 83' lang='lat' dir='ltr'><strong>“Teque</strong></span> <span class='ocrx_word' id='word_1_97' title='bbox 525 1505 628 1555; x_wconf 84' lang='lat' dir='ltr'><strong>renoda-</strong></span> <span class='ocrx_word' id='word_1_98' title='bbox 658 1477 727 1557; x_wconf 64' lang='lat' dir='ltr'><strong>soii</strong></span> <span class='ocrx_word' id='word_1_99' title='bbox 989 1458 1007 1508; x_wconf 60' lang='lat' dir='ltr'><strong>g</strong></span> 
     </span>
    </p>

    <p class='ocr_par' dir='ltr' id='par_1_5' title="bbox 69 1571 628 1638">
     <span class='ocr_line' id='line_1_13' title="bbox 69 1571 628 1638; baseline 0.004 -20"><span class='ocrx_word' id='word_1_100' title='bbox 69 1577 110 1618; x_wconf 79' lang='lat' dir='ltr'><strong>tun</strong></span> <span class='ocrx_word' id='word_1_101' title='bbox 127 1572 244 1636; x_wconf 66' lang='grc' dir='ltr'><strong>ρῐιιωττίι</strong></span> <span class='ocrx_word' id='word_1_102' title='bbox 271 1588 301 1623; x_wconf 77' lang='grc' dir='ltr'><strong>ιο</strong></span> <span class='ocrx_word' id='word_1_103' title='bbox 329 1588 390 1638; x_wconf 82' lang='lat' dir='ltr'><strong>pace</strong></span> <span class='ocrx_word' id='word_1_104' title='bbox 407 1571 559 1629; x_wconf 51' lang='lat' dir='ltr'><strong>numam?</strong></span> <span class='ocrx_word' id='word_1_105' title='bbox 580 1571 628 1621; x_wconf 69' lang='lat' dir='ltr'><strong>te.</strong></span> 
     </span>
    </p>
   </div>
   <div class='ocr_carea' id='block_1_5' title="bbox 480 1872 808 1948">
    <p class='ocr_par' dir='ltr' id='par_1_6' title="bbox 480 1872 808 1948">
     <span class='ocr_line' id='line_1_14' title="bbox 480 1872 808 1948; baseline -0.003 0"><span class='ocrx_word' id='word_1_106' title='bbox 480 1872 808 1948; x_wconf 72' lang='lat' dir='ltr'><strong>GARMEMH.</strong></span> 
     </span>
    </p>
   </div>
   <div class='ocr_carea' id='block_1_6' title="bbox 217 2057 1109 4200">
    <p class='ocr_par' dir='ltr' id='par_1_7' title="bbox 218 2057 1037 2240">
     <span class='ocr_line' id='line_1_15' title="bbox 218 2057 1037 2142; baseline 0 -17"><span class='ocrx_word' id='word_1_107' title='bbox 218 2059 309 2125; x_wconf 81' lang='lat' dir='ltr'><strong>Quin</strong></span> <span class='ocrx_word' id='word_1_108' title='bbox 323 2057 383 2122; x_wconf 92' lang='lat' dir='ltr'><strong>tibi</strong></span> <span class='ocrx_word' id='word_1_109' title='bbox 397 2058 457 2136; x_wconf 85' lang='lat' dir='ltr'><strong>vis,</strong></span> <span class='ocrx_word' id='word_1_110' title='bbox 472 2058 584 2123; x_wconf 86' lang='lat' dir='ltr'><strong>mulier</strong></span> <span class='ocrx_word' id='word_1_111' title='bbox 598 2057 699 2141; x_wconf 87' lang='lat' dir='ltr'><strong>nigris</strong></span> <span class='ocrx_word' id='word_1_112' title='bbox 713 2059 902 2142; x_wconf 86' lang='lat' dir='ltr'><strong>dignissima</strong></span> <span class='ocrx_word' id='word_1_113' title='bbox 914 2061 1037 2126; x_wconf 82' lang='lat' dir='ltr'><strong>barris?</strong></span> 
     </span>
     <span class='ocr_line' id='line_1_16' title="bbox 260 2154 858 2240; baseline 0.003 -21"><span class='ocrx_word' id='word_1_114' title='bbox 260 2158 398 2220; x_wconf 91' lang='lat' dir='ltr'><strong>Munera</strong></span> <span class='ocrx_word' id='word_1_115' title='bbox 411 2154 490 2240; x_wconf 92' lang='lat' dir='ltr'><strong>quid</strong></span> <span class='ocrx_word' id='word_1_116' title='bbox 503 2156 584 2219; x_wconf 91' lang='lat' dir='ltr'><strong>mihi</strong></span> <span class='ocrx_word' id='word_1_117' title='bbox 598 2156 714 2240; x_wconf 88' lang='lat' dir='ltr'><strong>quidve</strong></span> <span class='ocrx_word' id='word_1_118' title='bbox 728 2157 858 2221; x_wconf 88' lang='lat' dir='ltr'><strong>tabellas</strong></span> 
     </span>
    </p>

    <p class='ocr_par' dir='ltr' id='par_1_8' title="bbox 217 2254 985 2437">
     <span class='ocr_line' id='line_1_17' title="bbox 217 2254 985 2339; baseline 0.001 -20"><span class='ocrx_word' id='word_1_119' title='bbox 217 2255 327 2319; x_wconf 85' lang='lat' dir='ltr'><strong>Mittis</strong></span> <span class='ocrx_word' id='word_1_120' title='bbox 341 2276 399 2318; x_wconf 87' lang='lat' dir='ltr'><strong>uec</strong></span> <span class='ocrx_word' id='word_1_121' title='bbox 411 2254 502 2318; x_wconf 87' lang='lat' dir='ltr'><strong>firmo</strong></span> <span class='ocrx_word' id='word_1_122' title='bbox 512 2254 624 2339; x_wconf 87' lang='lat' dir='ltr'><strong>juveni</strong></span> <span class='ocrx_word' id='word_1_123' title='bbox 638 2277 739 2338; x_wconf 92' lang='lat' dir='ltr'><strong>neque</strong></span> <span class='ocrx_word' id='word_1_124' title='bbox 753 2255 838 2319; x_wconf 83' lang='lat' dir='ltr'><strong>naris</strong></span> <span class='ocrx_word' id='word_1_125' title='bbox 853 2256 985 2320; x_wconf 85' lang='lat' dir='ltr'><strong>obesae?</strong></span> 
     </span>
     <span class='ocr_line' id='line_1_18' title="bbox 258 2352 798 2437; baseline -0.004 -20"><span class='ocrx_word' id='word_1_126' title='bbox 258 2354 407 2437; x_wconf 81' lang='lat' dir='ltr'><strong>Namque</strong></span> <span class='ocrx_word' id='word_1_127' title='bbox 422 2353 566 2437; x_wconf 76' lang='lat' dir='ltr'>sagacius</span> <span class='ocrx_word' id='word_1_128' title='bbox 581 2375 663 2416; x_wconf 89' lang='lat' dir='ltr'><strong>unus</strong></span> <span class='ocrx_word' id='word_1_129' title='bbox 678 2352 798 2431; x_wconf 89' lang='lat' dir='ltr'><strong>odoror,</strong></span> 
     </span>
    </p>

    <p class='ocr_par' dir='ltr' id='par_1_9' title="bbox 217 2449 1109 2616">
     <span class='ocr_line' id='line_1_19' title="bbox 217 2449 1109 2536; baseline 0.004 -21"><span class='ocrx_word' id='word_1_130' title='bbox 217 2452 356 2536; x_wconf 83' lang='lat' dir='ltr'><strong>Polypus</strong></span> <span class='ocrx_word' id='word_1_131' title='bbox 369 2474 412 2515; x_wconf 90' lang='lat' dir='ltr'><strong>an</strong></span> <span class='ocrx_word' id='word_1_132' title='bbox 426 2451 533 2535; x_wconf 86' lang='lat' dir='ltr'><strong>gravis</strong></span> <span class='ocrx_word' id='word_1_133' title='bbox 547 2451 678 2515; x_wconf 80' lang='lat' dir='ltr'>hirsutis</span> <span class='ocrx_word' id='word_1_134' title='bbox 692 2452 787 2515; x_wconf 86' lang='lat' dir='ltr'><strong>cubet</strong></span> <span class='ocrx_word' id='word_1_135' title='bbox 801 2449 905 2516; x_wconf 90' lang='lat' dir='ltr'><strong>hircus</strong></span> <span class='ocrx_word' id='word_1_136' title='bbox 919 2451 953 2516; x_wconf 92' lang='lat' dir='ltr'><strong>in</strong></span> <span class='ocrx_word' id='word_1_137' title='bbox 968 2454 1035 2532; x_wconf 87' lang='lat' dir='ltr'><strong>alis,</strong></span> <span class='ocrx_word' id='word_1_138' title='bbox 1094 2474 1109 2520; x_wconf 79' lang='lat' dir='ltr'><strong>a</strong></span> 
     </span>
     <span class='ocr_line' id='line_1_20' title="bbox 262 2549 811 2616; baseline -0.004 -1"><span class='ocrx_word' id='word_1_139' title='bbox 262 2550 368 2616; x_wconf 82' lang='lat' dir='ltr'><strong>Quam</strong></span> <span class='ocrx_word' id='word_1_140' title='bbox 382 2550 468 2613; x_wconf 88' lang='lat' dir='ltr'><strong>canis</strong></span> <span class='ocrx_word' id='word_1_141' title='bbox 482 2571 553 2614; x_wconf 89' lang='lat' dir='ltr'><strong>acer</strong></span> <span class='ocrx_word' id='word_1_142' title='bbox 565 2549 621 2613; x_wconf 83' lang='lat' dir='ltr'><strong>ubi</strong></span> <span class='ocrx_word' id='word_1_143' title='bbox 635 2549 734 2613; x_wconf 88' lang='lat' dir='ltr'><strong>lateat</strong></span> <span class='ocrx_word' id='word_1_144' title='bbox 749 2573 811 2613; x_wconf 90' lang='lat' dir='ltr'><strong>sus.</strong></span> 
     </span>
    </p>

    <p class='ocr_par' dir='ltr' id='par_1_10' title="bbox 220 2646 1085 2828">
     <span class='ocr_line' id='line_1_21' title="bbox 220 2646 1085 2733; baseline 0.001 -20"><span class='ocrx_word' id='word_1_145' title='bbox 220 2649 283 2714; x_wconf 79' lang='lat' dir='ltr'><strong>oui</strong></span> <span class='ocrx_word' id='word_1_146' title='bbox 298 2648 392 2711; x_wconf 89' lang='lat' dir='ltr'><strong>sudor</strong></span> <span class='ocrx_word' id='word_1_147' title='bbox 404 2646 498 2711; x_wconf 81' lang='lat' dir='ltr'><strong>vietis</strong></span> <span class='ocrx_word' id='word_1_148' title='bbox 511 2655 544 2710; x_wconf 88' lang='lat' dir='ltr'><strong>et</strong></span> <span class='ocrx_word' id='word_1_149' title='bbox 558 2670 652 2731; x_wconf 88' lang='lat' dir='ltr'><strong>quam</strong></span> <span class='ocrx_word' id='word_1_150' title='bbox 668 2647 770 2710; x_wconf 91' lang='lat' dir='ltr'><strong>malus</strong></span> <span class='ocrx_word' id='word_1_151' title='bbox 784 2646 921 2733; x_wconf 88' lang='lat' dir='ltr'><strong>undique</strong></span> <span class='ocrx_word' id='word_1_152' title='bbox 935 2649 1085 2714; x_wconf 90' lang='lat' dir='ltr'><strong>membris</strong></span> 
     </span>
     <span class='ocr_line' id='line_1_22' title="bbox 260 2744 779 2828; baseline -0.002 -18"><span class='ocrx_word' id='word_1_153' title='bbox 260 2746 382 2810; x_wconf 77' lang='lat' dir='ltr'><strong>Crescit</strong></span> <span class='ocrx_word' id='word_1_154' title='bbox 395 2745 480 2824; x_wconf 89' lang='lat' dir='ltr'><strong>odor,</strong></span> <span class='ocrx_word' id='word_1_155' title='bbox 495 2768 568 2809; x_wconf 93' lang='lat' dir='ltr'><strong>cum</strong></span> <span class='ocrx_word' id='word_1_156' title='bbox 582 2767 661 2828; x_wconf 89' lang='lat' dir='ltr'><strong>pene</strong></span> <span class='ocrx_word' id='word_1_157' title='bbox 676 2744 779 2809; x_wconf 86' lang='lat' dir='ltr'><strong>soluto</strong></span> 
     </span>
    </p>

    <p class='ocr_par' dir='ltr' id='par_1_11' title="bbox 218 2843 1109 3026">
     <span class='ocr_line' id='line_1_23' title="bbox 218 2843 1025 2928; baseline 0.001 -21"><span class='ocrx_word' id='word_1_158' title='bbox 218 2843 412 2908; x_wconf 77' lang='lat' dir='ltr'><strong>Indomitum</strong></span> <span class='ocrx_word' id='word_1_159' title='bbox 425 2848 571 2928; x_wconf 85' lang='lat' dir='ltr'><strong>properat</strong></span> <span class='ocrx_word' id='word_1_160' title='bbox 584 2844 701 2908; x_wconf 80' lang='lat' dir='ltr'><strong>rabiem</strong></span> <span class='ocrx_word' id='word_1_161' title='bbox 717 2844 824 2908; x_wconf 85' lang='lat' dir='ltr'><strong>sedare</strong></span> <span class='ocrx_word' id='word_1_162' title='bbox 831 2871 842 2922; x_wconf 84' lang='lat'><em>3</em></span> <span class='ocrx_word' id='word_1_163' title='bbox 864 2865 965 2928; x_wconf 90' lang='lat' dir='ltr'><strong>neque</strong></span> <span class='ocrx_word' id='word_1_164' title='bbox 978 2845 1025 2909; x_wconf 92' lang='lat' dir='ltr'><strong>illi</strong></span> 
     </span>
     <span class='ocr_line' id='line_1_24' title="bbox 260 2941 1109 3026; baseline 0.004 -20"><span class='ocrx_word' id='word_1_165' title='bbox 260 2943 281 3006; x_wconf 88' lang='lat' dir='ltr'><strong>J</strong></span> <span class='ocrx_word' id='word_1_166' title='bbox 282 2965 334 3005; x_wconf 89' lang='lat' dir='ltr'><strong>am</strong></span> <span class='ocrx_word' id='word_1_167' title='bbox 349 2949 457 3006; x_wconf 88' lang='lat' dir='ltr'><strong>manet</strong></span> <span class='ocrx_word' id='word_1_168' title='bbox 471 2941 602 3004; x_wconf 87' lang='lat' dir='ltr'><strong>humida</strong></span> <span class='ocrx_word' id='word_1_169' title='bbox 614 2948 700 3006; x_wconf 80' lang='lat' dir='ltr'><strong>creta</strong></span> <span class='ocrx_word' id='word_1_170' title='bbox 713 2942 857 3026; x_wconf 88' lang='lat' dir='ltr'><strong>colorque</strong></span> <span class='ocrx_word' id='word_1_171' title='bbox 1078 2963 1109 3009; x_wconf 90' lang='lat'><strong>10</strong></span> 
     </span>
    </p>

    <p class='ocr_par' dir='ltr' id='par_1_12' title="bbox 220 3039 964 3222">
     <span class='ocr_line' id='line_1_25' title="bbox 220 3039 964 3123; baseline 0.003 -20"><span class='ocrx_word' id='word_1_172' title='bbox 220 3041 361 3105; x_wconf 79' lang='lat' dir='ltr'><strong>Stercore</strong></span> <span class='ocrx_word' id='word_1_173' title='bbox 375 3041 500 3104; x_wconf 84' lang='lat' dir='ltr'><strong>fucatus</strong></span> <span class='ocrx_word' id='word_1_174' title='bbox 514 3039 669 3119; x_wconf 89' lang='lat' dir='ltr'><strong>crocodili,</strong></span> <span class='ocrx_word' id='word_1_175' title='bbox 678 3040 808 3123; x_wconf 87' lang='lat' dir='ltr'><strong>jamque</strong></span> <span class='ocrx_word' id='word_1_176' title='bbox 823 3040 964 3105; x_wconf 83' lang='lat' dir='ltr'><strong>subando</strong></span> 
     </span>
     <span class='ocr_line' id='line_1_26' title="bbox 259 3137 802 3222; baseline 0 -22"><span class='ocrx_word' id='word_1_177' title='bbox 259 3139 361 3201; x_wconf 79' lang='lat' dir='ltr'><strong>&#39;Penta</strong></span> <span class='ocrx_word' id='word_1_178' title='bbox 374 3138 489 3201; x_wconf 90' lang='lat' dir='ltr'><strong>cubilia</strong></span> <span class='ocrx_word' id='word_1_179' title='bbox 504 3143 648 3222; x_wconf 80' lang='lat' dir='ltr'><strong>tectaque</strong></span> <span class='ocrx_word' id='word_1_180' title='bbox 663 3137 802 3220; x_wconf 76' lang='lat' dir='ltr'><strong>rumpit!</strong></span> 
     </span>
    </p>

    <p class='ocr_par' dir='ltr' id='par_1_13' title="bbox 219 3233 959 3418">
     <span class='ocr_line' id='line_1_27' title="bbox 219 3233 959 3319; baseline 0 -21"><span class='ocrx_word' id='word_1_181' title='bbox 219 3236 279 3300; x_wconf 87' lang='lat' dir='ltr'><strong>Vel</strong></span> <span class='ocrx_word' id='word_1_182' title='bbox 292 3259 363 3300; x_wconf 92' lang='lat' dir='ltr'><strong>mea</strong></span> <span class='ocrx_word' id='word_1_183' title='bbox 377 3258 449 3299; x_wconf 88' lang='lat' dir='ltr'><strong>cum</strong></span> <span class='ocrx_word' id='word_1_184' title='bbox 463 3237 564 3300; x_wconf 88' lang='lat' dir='ltr'><strong>saevis</strong></span> <span class='ocrx_word' id='word_1_185' title='bbox 578 3236 682 3319; x_wconf 83' lang='lat' dir='ltr'><strong>agitat</strong></span> <span class='ocrx_word' id='word_1_186' title='bbox 696 3233 824 3299; x_wconf 85' lang='lat' dir='ltr'><strong>fastidia</strong></span> <span class='ocrx_word' id='word_1_187' title='bbox 837 3236 959 3301; x_wconf 86' lang='lat' dir='ltr'><strong>verbis:</strong></span> 
     </span>
     <span class='ocr_line' id='line_1_28' title="bbox 258 3333 789 3418; baseline -0.002 -20"><span class='ocrx_word' id='word_1_188' title='bbox 258 3333 391 3398; x_wconf 87' lang='lat' dir='ltr'><strong>Inachia</strong></span> <span class='ocrx_word' id='word_1_189' title='bbox 404 3334 536 3418; x_wconf 83' lang='lat' dir='ltr'><strong>langues</strong></span> <span class='ocrx_word' id='word_1_190' title='bbox 551 3333 655 3396; x_wconf 91' lang='lat' dir='ltr'><strong>minus</strong></span> <span class='ocrx_word' id='word_1_191' title='bbox 671 3355 706 3397; x_wconf 87' lang='lat' dir='ltr'><strong>ac</strong></span> <span class='ocrx_word' id='word_1_192' title='bbox 720 3356 770 3397; x_wconf 92' lang='lat' dir='ltr'><strong>me</strong></span> <span class='ocrx_word' id='word_1_193' title='bbox 778 3359 789 3411; x_wconf 82' lang='lat'>3</span> 
     </span>
    </p>

    <p class='ocr_par' dir='ltr' id='par_1_14' title="bbox 220 3431 1109 3614">
     <span class='ocr_line' id='line_1_29' title="bbox 220 3431 1109 3516; baseline 0.004 -23"><span class='ocrx_word' id='word_1_194' title='bbox 220 3431 381 3496; x_wconf 75' lang='lat' dir='ltr'><strong>Inachiam</strong></span> <span class='ocrx_word' id='word_1_195' title='bbox 396 3437 445 3495; x_wconf 85' lang='lat' dir='ltr'><strong>ter</strong></span> <span class='ocrx_word' id='word_1_196' title='bbox 457 3439 548 3496; x_wconf 88' lang='lat' dir='ltr'><strong>nocte</strong></span> <span class='ocrx_word' id='word_1_197' title='bbox 563 3438 661 3514; x_wconf 85' lang='lat' dir='ltr'><strong>potes,</strong></span> <span class='ocrx_word' id='word_1_198' title='bbox 673 3431 752 3494; x_wconf 90' lang='lat' dir='ltr'><strong>mihi</strong></span> <span class='ocrx_word' id='word_1_199' title='bbox 768 3453 888 3516; x_wconf 85' lang='lat' dir='ltr'><strong>semper</strong></span> <span class='ocrx_word' id='word_1_200' title='bbox 901 3432 942 3496; x_wconf 90' lang='lat' dir='ltr'><strong>ad</strong></span> <span class='ocrx_word' id='word_1_201' title='bbox 954 3455 1053 3496; x_wconf 91' lang='lat' dir='ltr'><strong>unum</strong></span> <span class='ocrx_word' id='word_1_202' title='bbox 1078 3451 1109 3497; x_wconf 84' lang='lat'><strong>15</strong></span> 
     </span>
     <span class='ocr_line' id='line_1_30' title="bbox 261 3530 865 3614; baseline 0 -20"><span class='ocrx_word' id='word_1_203' title='bbox 261 3531 372 3594; x_wconf 85' lang='lat' dir='ltr'><strong>Mollis</strong></span> <span class='ocrx_word' id='word_1_204' title='bbox 386 3553 473 3614; x_wconf 89' lang='lat' dir='ltr'><strong>opus.</strong></span> <span class='ocrx_word' id='word_1_205' title='bbox 516 3530 628 3593; x_wconf 86' lang='lat' dir='ltr'><strong>Pereat</strong></span> <span class='ocrx_word' id='word_1_206' title='bbox 643 3530 724 3593; x_wconf 90' lang='lat' dir='ltr'><strong>male</strong></span> <span class='ocrx_word' id='word_1_207' title='bbox 738 3552 817 3614; x_wconf 87' lang='lat' dir='ltr'><strong>quae</strong></span> <span class='ocrx_word' id='word_1_208' title='bbox 832 3537 865 3594; x_wconf 91' lang='lat' dir='ltr'><strong>te</strong></span> 
     </span>
    </p>

    <p class='ocr_par' dir='ltr' id='par_1_15' title="bbox 222 3627 1009 3808">
     <span class='ocr_line' id='line_1_31' title="bbox 222 3627 1009 3712; baseline -0.001 -21"><span class='ocrx_word' id='word_1_209' title='bbox 222 3627 332 3691; x_wconf 82' lang='lat' dir='ltr'><strong>Lesbia</strong></span> <span class='ocrx_word' id='word_1_210' title='bbox 346 3628 508 3712; x_wconf 84' lang='lat' dir='ltr'><strong>quaerenti</strong></span> <span class='ocrx_word' id='word_1_211' title='bbox 521 3635 648 3691; x_wconf 82' lang='lat' dir='ltr'><strong>taurum</strong></span> <span class='ocrx_word' id='word_1_212' title='bbox 661 3627 852 3692; x_wconf 86' lang='lat' dir='ltr'><strong>monstravit</strong></span> <span class='ocrx_word' id='word_1_213' title='bbox 865 3627 1009 3706; x_wconf 87' lang='lat' dir='ltr'><strong>inertem,</strong></span> 
     </span>
     <span class='ocr_line' id='line_1_32' title="bbox 261 3725 855 3808; baseline 0 -19"><span class='ocrx_word' id='word_1_214' title='bbox 261 3726 343 3790; x_wconf 88' lang='lat' dir='ltr'><strong>cum</strong></span> <span class='ocrx_word' id='word_1_215' title='bbox 358 3725 437 3789; x_wconf 90' lang='lat' dir='ltr'><strong>mihi</strong></span> <span class='ocrx_word' id='word_1_216' title='bbox 452 3726 536 3789; x_wconf 86' lang='lat' dir='ltr'><strong>Cous</strong></span> <span class='ocrx_word' id='word_1_217' title='bbox 550 3726 671 3789; x_wconf 84' lang='lat' dir='ltr'><strong>adesset</strong></span> <span class='ocrx_word' id='word_1_218' title='bbox 686 3726 855 3808; x_wconf 88' lang='lat' dir='ltr'><strong>Amyntas,</strong></span> 
     </span>
    </p>

    <p class='ocr_par' dir='ltr' id='par_1_16' title="bbox 222 3823 1109 3986">
     <span class='ocr_line' id='line_1_33' title="bbox 222 3823 1016 3907; baseline -0.001 -20"><span class='ocrx_word' id='word_1_219' title='bbox 222 3823 318 3907; x_wconf 83' lang='lat' dir='ltr'><strong>Cujus</strong></span> <span class='ocrx_word' id='word_1_220' title='bbox 331 3824 366 3886; x_wconf 93' lang='lat' dir='ltr'><strong>in</strong></span> <span class='ocrx_word' id='word_1_221' title='bbox 379 3823 535 3888; x_wconf 86' lang='lat' dir='ltr'><strong>indomito</strong></span> <span class='ocrx_word' id='word_1_222' title='bbox 549 3823 742 3887; x_wconf 86' lang='lat' dir='ltr'><strong>constantior</strong></span> <span class='ocrx_word' id='word_1_223' title='bbox 757 3823 888 3906; x_wconf 87' lang='lat' dir='ltr'><strong>inguine</strong></span> <span class='ocrx_word' id='word_1_224' title='bbox 902 3845 1016 3886; x_wconf 88' lang='lat' dir='ltr'><strong>nervus</strong></span> 
     </span>
     <span class='ocr_line' id='line_1_34' title="bbox 261 3920 1109 3986; baseline -0.001 -1"><span class='ocrx_word' id='word_1_225' title='bbox 261 3922 367 3986; x_wconf 81' lang='lat' dir='ltr'><strong>Quam</strong></span> <span class='ocrx_word' id='word_1_226' title='bbox 381 3943 463 3985; x_wconf 88' lang='lat' dir='ltr'><strong>nova</strong></span> <span class='ocrx_word' id='word_1_227' title='bbox 477 3921 607 3985; x_wconf 87' lang='lat' dir='ltr'><strong>collibus</strong></span> <span class='ocrx_word' id='word_1_228' title='bbox 622 3921 712 3985; x_wconf 87' lang='lat' dir='ltr'><strong>arbor</strong></span> <span class='ocrx_word' id='word_1_229' title='bbox 726 3920 877 3984; x_wconf 83' lang='lat' dir='ltr'><strong>inhaeret.</strong></span> <span class='ocrx_word' id='word_1_230' title='bbox 1075 3938 1109 3984; x_wconf 81' lang='lat' dir='ltr'><strong>ao</strong></span> 
     </span>
    </p>

    <p class='ocr_par' dir='ltr' id='par_1_17' title="bbox 221 4017 892 4200">
     <span class='ocr_line' id='line_1_35' title="bbox 221 4017 892 4102; baseline 0.001 -21"><span class='ocrx_word' id='word_1_231' title='bbox 221 4018 398 4083; x_wconf 89' lang='lat' dir='ltr'><strong>Muricibus</strong></span> <span class='ocrx_word' id='word_1_232' title='bbox 412 4019 515 4102; x_wconf 77' lang='lat' dir='ltr'><strong>Tyriis</strong></span> <span class='ocrx_word' id='word_1_233' title='bbox 529 4019 659 4082; x_wconf 88' lang='lat' dir='ltr'><strong>iteratae</strong></span> <span class='ocrx_word' id='word_1_234' title='bbox 674 4017 789 4082; x_wconf 89' lang='lat' dir='ltr'><strong>vellera</strong></span> <span class='ocrx_word' id='word_1_235' title='bbox 803 4018 892 4082; x_wconf 89' lang='lat' dir='ltr'><strong>lanae</strong></span> 
     </span>
     <span class='ocr_line' id='line_1_36' title="bbox 260 4116 835 4200; baseline -0.003 -19"><span class='ocrx_word' id='word_1_236' title='bbox 260 4117 321 4181; x_wconf 86' lang='lat' dir='ltr'><strong>Cui</strong></span> <span class='ocrx_word' id='word_1_237' title='bbox 335 4116 606 4200; x_wconf 85' lang='lat' dir='ltr'><strong>properabantur?</strong></span> <span class='ocrx_word' id='word_1_238' title='bbox 627 4116 697 4180; x_wconf 65' lang='lat' dir='ltr'><strong>nbi</strong></span> <span class='ocrx_word' id='word_1_239' title='bbox 713 4137 835 4198; x_wconf 88' lang='lat' dir='ltr'><strong>nempe,</strong></span> 
     </span>
    </p>
   </div>
   <div class='ocr_carea' id='block_1_7' title="bbox 221 4209 1118 4516">
    <p class='ocr_par' dir='ltr' id='par_1_18' title="bbox 221 4209 1118 4516">
     <span class='ocr_line' id='line_1_37' title="bbox 221 4209 994 4299; baseline 0 -23"><span class='ocrx_word' id='word_1_240' title='bbox 221 4214 269 4278; x_wconf 93' lang='lat' dir='ltr'><strong>Ne</strong></span> <span class='ocrx_word' id='word_1_241' title='bbox 282 4216 365 4279; x_wconf 84' lang='lat' dir='ltr'><strong>foret</strong></span> <span class='ocrx_word' id='word_1_242' title='bbox 379 4215 522 4299; x_wconf 84' lang='lat' dir='ltr'><strong>aequales</strong></span> <span class='ocrx_word' id='word_1_243' title='bbox 537 4215 620 4278; x_wconf 82' lang='lat' dir='ltr'><strong>inter</strong></span> <span class='ocrx_word' id='word_1_244' title='bbox 634 4214 768 4278; x_wconf 84' lang='lat' dir='ltr'><strong>conviva</strong></span> <span class='ocrx_word' id='word_1_245' title='bbox 783 4209 885 4296; x_wconf 76' lang='lat' dir='ltr'><strong>magis</strong></span> <span class='ocrx_word' id='word_1_246' title='bbox 900 4235 994 4297; x_wconf 91' lang='lat' dir='ltr'><strong>quem</strong></span> 
     </span>
     <span class='ocr_line' id='line_1_38' title="bbox 260 4313 781 4397; baseline -0.006 -20"><span class='ocrx_word' id='word_1_247' title='bbox 260 4313 419 4396; x_wconf 86' lang='lat' dir='ltr'><strong>Diligeret</strong></span> <span class='ocrx_word' id='word_1_248' title='bbox 432 4313 544 4378; x_wconf 88' lang='lat' dir='ltr'><strong>mulier</strong></span> <span class='ocrx_word' id='word_1_249' title='bbox 558 4336 614 4376; x_wconf 90' lang='lat' dir='ltr'><strong>sua</strong></span> <span class='ocrx_word' id='word_1_250' title='bbox 628 4335 723 4397; x_wconf 92' lang='lat' dir='ltr'><strong>quam</strong></span> <span class='ocrx_word' id='word_1_251' title='bbox 738 4318 781 4374; x_wconf 85' lang='lat' dir='ltr'><strong>te.</strong></span> 
     </span>
     <span class='ocr_line' id='line_1_39' title="bbox 222 4410 1118 4516; baseline 0.002 -42"><span class='ocrx_word' id='word_1_252' title='bbox 222 4410 250 4474; x_wconf 94' lang='grc'>0</span> <span class='ocrx_word' id='word_1_253' title='bbox 263 4434 322 4496; x_wconf 85' lang='lat' dir='ltr'><strong>ego</strong></span> <span class='ocrx_word' id='word_1_254' title='bbox 336 4434 401 4476; x_wconf 89' lang='lat' dir='ltr'><strong>non</strong></span> <span class='ocrx_word' id='word_1_255' title='bbox 415 4411 501 4490; x_wconf 78' lang='lat' dir='ltr'><strong>felix,</strong></span> <span class='ocrx_word' id='word_1_256' title='bbox 516 4434 612 4497; x_wconf 88' lang='lat' dir='ltr'><strong>quam</strong></span> <span class='ocrx_word' id='word_1_257' title='bbox 626 4418 663 4475; x_wconf 85' lang='lat' dir='ltr'><strong>tu</strong></span> <span class='ocrx_word' id='word_1_258' title='bbox 678 4411 764 4493; x_wconf 86' lang='lat' dir='ltr'><strong>fugis</strong></span> <span class='ocrx_word' id='word_1_259' title='bbox 778 4416 816 4474; x_wconf 90' lang='lat' dir='ltr'><strong>nt</strong></span> <span class='ocrx_word' id='word_1_260' title='bbox 830 4415 925 4493; x_wconf 84' lang='lat' dir='ltr'><strong>pavet</strong></span> <span class='ocrx_word' id='word_1_261' title='bbox 938 4433 1022 4475; x_wconf 86' lang='lat' dir='ltr'><strong>acres</strong></span> <span class='ocrx_word' id='word_1_262' title='bbox 1075 4429 1118 4516; x_wconf 63' lang='lat' dir='ltr'><strong>25k</strong></span> 
     </span>
    </p>
   </div>
   <div class='ocr_carea' id='block_1_8' title="bbox 263 4477 1153 4628">
    <p class='ocr_par' dir='ltr' id='par_1_19' title="bbox 263 4477 1153 4628">
     <span class='ocr_line' id='line_1_40' title="bbox 263 4477 1153 4628; baseline -0.008 -53"><span class='ocrx_word' id='word_1_263' title='bbox 263 4512 358 4594; x_wconf 84' lang='lat' dir='ltr'><strong>Agna</strong></span> <span class='ocrx_word' id='word_1_264' title='bbox 371 4511 461 4593; x_wconf 88' lang='lat' dir='ltr'><strong>lupos</strong></span> <span class='ocrx_word' id='word_1_265' title='bbox 474 4533 660 4594; x_wconf 85' lang='lat' dir='ltr'><strong>capreaeque</strong></span> <span class='ocrx_word' id='word_1_266' title='bbox 673 4508 795 4573; x_wconf 79' lang='lat' dir='ltr'><strong>leones!</strong></span> <span class='ocrx_word' id='word_1_267' title='bbox 1069 4477 1112 4548; x_wconf 75' lang='lat' dir='ltr'><em>s</em></span> <span class='ocrx_word' id='word_1_268' title='bbox 1144 4543 1153 4628; x_wconf 51' lang='lat' dir='ltr'>t</span> 
     </span>
    </p>
   </div>
   <div class='ocr_carea' id='block_1_9' title="bbox 0 0 1509 4984">
    <p class='ocr_par' dir='ltr' id='par_1_20' title="bbox 0 0 1509 4984">
     <span class='ocr_line' id='line_1_41' title="bbox 0 0 1509 4984; baseline 0 0"><span class='ocrx_word' id='word_1_269' title='bbox 0 0 1509 4984; x_wconf 95' lang='lat' dir='ltr'><strong> </strong></span> 
     </span>
    </p>
   </div>
  </div>
 </body>
</html>
