<?xml version="1.0" encoding="UTF-8"?>
<!DOCTYPE html PUBLIC "-//W3C//DTD XHTML 1.0 Transitional//EN"
    "http://www.w3.org/TR/xhtml1/DTD/xhtml1-transitional.dtd">
<html xmlns="http://www.w3.org/1999/xhtml" xml:lang="en" lang="en">
 <head>
  <title>
</title>
<meta http-equiv="Content-Type" content="text/html;charset=utf-8" />
  <meta name='ocr-system' content='tesseract 3.04.00' />
  <meta name='ocr-capabilities' content='ocr_page ocr_carea ocr_par ocr_line ocrx_word'/>
</head>
<body>
  <div class='ocr_page' id='page_1' title='image "./quintihoratiifl01longgoog/quintihoratiifl01longgoog_0774.png"; bbox 0 0 3000 4984; ppageno 0'>
   <div class='ocr_carea' id='block_1_1' title="bbox 253 439 316 506">
    <p class='ocr_par' dir='ltr' id='par_1_1' title="bbox 253 439 316 506">
     <span class='ocr_line' id='line_1_1' title="bbox 253 439 316 506; baseline -0.032 0"><span class='ocrx_word' id='word_1_1' title='bbox 253 439 316 506; x_wconf 81' lang='lat'>734</span> 
     </span>
    </p>
   </div>
   <div class='ocr_carea' id='block_1_2' title="bbox 626 438 1068 505">
    <p class='ocr_par' dir='ltr' id='par_1_2' title="bbox 626 438 1068 505">
     <span class='ocr_line' id='line_1_2' title="bbox 626 438 1068 505; baseline 0.002 -2"><span class='ocrx_word' id='word_1_2' title='bbox 626 438 776 504; x_wconf 87' lang='lat' dir='ltr'>INDEX</span> <span class='ocrx_word' id='word_1_3' title='bbox 797 439 1068 505; x_wconf 82' lang='lat' dir='ltr'>CARMINUM.</span> 
     </span>
    </p>
   </div>
   <div class='ocr_carea' id='block_1_3' title="bbox 375 608 1251 4622">
    <p class='ocr_par' dir='ltr' id='par_1_3' title="bbox 379 608 1251 804">
     <span class='ocr_line' id='line_1_3' title="bbox 380 608 1251 674; baseline 0.003 -15"><span class='ocrx_word' id='word_1_4' title='bbox 380 609 526 660; x_wconf 70' lang='lat' dir='ltr'>Miserarum</span> <span class='ocrx_word' id='word_1_5' title='bbox 536 611 575 660; x_wconf 78' lang='lat' dir='ltr'>est</span> <span class='ocrx_word' id='word_1_6' title='bbox 585 625 664 674; x_wconf 86' lang='lat' dir='ltr'>neque</span> <span class='ocrx_word' id='word_1_7' title='bbox 674 610 750 660; x_wconf 84' lang='lat' dir='ltr'>amori</span> <span class='ocrx_word' id='word_1_8' title='bbox 763 609 823 659; x_wconf 82' lang='lat' dir='ltr'>dara</span> <span class='ocrx_word' id='word_1_9' title='bbox 831 609 919 659; x_wconf 90' lang='lat' dir='ltr'>ludum</span> <span class='ocrx_word' id='word_1_10' title='bbox 929 625 1009 674; x_wconf 88' lang='lat' dir='ltr'>neque</span> <span class='ocrx_word' id='word_1_11' title='bbox 1019 610 1094 668; x_wconf 79' lang='lat' dir='ltr'>dulei,</span> <span class='ocrx_word' id='word_1_12' title='bbox 1105 609 1135 660; x_wconf 76' lang='lat' dir='ltr'>(l.</span> <span class='ocrx_word' id='word_1_13' title='bbox 1144 608 1198 659; x_wconf 85' lang='grc' dir='ltr'><strong>ΙΙΙ.</strong></span> <span class='ocrx_word' id='word_1_14' title='bbox 1206 608 1251 662; x_wconf 72' lang='lat' dir='ltr'>m.</span> 
     </span>
     <span class='ocr_line' id='line_1_4' title="bbox 379 674 1088 738; baseline 0.003 -14"><span class='ocrx_word' id='word_1_15' title='bbox 379 675 460 725; x_wconf 82' lang='lat' dir='ltr'>Mollis</span> <span class='ocrx_word' id='word_1_16' title='bbox 470 675 559 725; x_wconf 84' lang='lat' dir='ltr'>inertia</span> <span class='ocrx_word' id='word_1_17' title='bbox 569 691 615 723; x_wconf 86' lang='lat' dir='ltr'>onr</span> <span class='ocrx_word' id='word_1_18' title='bbox 625 681 721 724; x_wconf 60' lang='lat' dir='ltr'>tanum</span> <span class='ocrx_word' id='word_1_19' title='bbox 733 674 862 724; x_wconf 81' lang='lat' dir='ltr'>diffuderit</span> <span class='ocrx_word' id='word_1_20' title='bbox 872 675 936 732; x_wconf 88' lang='lat' dir='ltr'>imis,</span> <span class='ocrx_word' id='word_1_21' title='bbox 948 675 1027 738; x_wconf 76' lang='lat' dir='ltr'>lipod.</span> <span class='ocrx_word' id='word_1_22' title='bbox 1038 676 1088 727; x_wconf 88' lang='lat' dir='ltr'>xiv.</span> 
     </span>
     <span class='ocr_line' id='line_1_5' title="bbox 379 739 1061 804; baseline 0 -15"><span class='ocrx_word' id='word_1_23' title='bbox 379 741 504 789; x_wconf 77' lang='lat' dir='ltr'>Montium</span> <span class='ocrx_word' id='word_1_24' title='bbox 515 743 596 789; x_wconf 80' lang='lat' dir='ltr'>eustos</span> <span class='ocrx_word' id='word_1_25' title='bbox 606 755 789 804; x_wconf 77' lang='lat' dir='ltr'><strong>nemorumque,</strong></span> <span class='ocrx_word' id='word_1_26' title='bbox 802 739 887 803; x_wconf 74' lang='lat' dir='ltr'>Virgo,</span> <span class='ocrx_word' id='word_1_27' title='bbox 899 739 927 788; x_wconf 81' lang='grc'><strong>0.</strong></span> <span class='ocrx_word' id='word_1_28' title='bbox 939 739 992 788; x_wconf 92' lang='lat' dir='ltr'>Ill.</span> <span class='ocrx_word' id='word_1_29' title='bbox 1002 740 1061 789; x_wconf 87' lang='lat' dir='ltr'>xxii.</span> 
     </span>
    </p>

    <p class='ocr_par' dir='ltr' id='par_1_4' title="bbox 380 804 977 861">
     <span class='ocr_line' id='line_1_6' title="bbox 380 804 977 861; baseline 0.002 -8"><span class='ocrx_word' id='word_1_30' title='bbox 380 805 478 854; x_wconf 81' lang='lat' dir='ltr'>Motum</span> <span class='ocrx_word' id='word_1_31' title='bbox 488 821 517 854; x_wconf 87' lang='lat' dir='ltr'>ex</span> <span class='ocrx_word' id='word_1_32' title='bbox 529 804 629 854; x_wconf 84' lang='lat' dir='ltr'>Metello</span> <span class='ocrx_word' id='word_1_33' title='bbox 638 805 735 854; x_wconf 82' lang='lat' dir='ltr'>consule</span> <span class='ocrx_word' id='word_1_34' title='bbox 746 805 859 861; x_wconf 71' lang='lat' dir='ltr'>civicum,</span> <span class='ocrx_word' id='word_1_35' title='bbox 871 804 900 853; x_wconf 83' lang='lat'>0.</span> <span class='ocrx_word' id='word_1_36' title='bbox 911 804 949 854; x_wconf 93' lang='lat' dir='ltr'>II.</span> <span class='ocrx_word' id='word_1_37' title='bbox 959 805 977 854; x_wconf 87' lang='lat' dir='ltr'>i.</span> 
     </span>
    </p>

    <p class='ocr_par' dir='ltr' id='par_1_5' title="bbox 380 868 990 926">
     <span class='ocr_line' id='line_1_7' title="bbox 380 868 990 926; baseline 0 -8"><span class='ocrx_word' id='word_1_38' title='bbox 380 870 460 919; x_wconf 83' lang='lat' dir='ltr'>Musis</span> <span class='ocrx_word' id='word_1_39' title='bbox 469 870 562 918; x_wconf 84' lang='lat' dir='ltr'>xmious</span> <span class='ocrx_word' id='word_1_40' title='bbox 571 870 699 918; x_wconf 80' lang='lat' dir='ltr'>tristitiam</span> <span class='ocrx_word' id='word_1_41' title='bbox 710 873 736 918; x_wconf 87' lang='lat' dir='ltr'>et</span> <span class='ocrx_word' id='word_1_42' title='bbox 747 874 836 926; x_wconf 85' lang='lat' dir='ltr'>metus.</span> <span class='ocrx_word' id='word_1_43' title='bbox 849 868 877 918; x_wconf 85' lang='lat'>0.</span> <span class='ocrx_word' id='word_1_44' title='bbox 888 868 912 918; x_wconf 93' lang='lat'>1.</span> <span class='ocrx_word' id='word_1_45' title='bbox 922 884 990 918; x_wconf 72' lang='lat' dir='ltr'>xxva.</span> 
     </span>
    </p>

    <p class='ocr_par' dir='ltr' id='par_1_6' title="bbox 380 933 957 998">
     <span class='ocr_line' id='line_1_8' title="bbox 380 933 957 998; baseline 0 -15"><span class='ocrx_word' id='word_1_46' title='bbox 380 934 420 984; x_wconf 82' lang='lat' dir='ltr'>Ne</span> <span class='ocrx_word' id='word_1_47' title='bbox 429 935 493 984; x_wconf 79' lang='lat' dir='ltr'>forte</span> <span class='ocrx_word' id='word_1_48' title='bbox 504 935 588 983; x_wconf 86' lang='lat' dir='ltr'>oredns</span> <span class='ocrx_word' id='word_1_49' title='bbox 598 935 731 984; x_wconf 83' lang='lat' dir='ltr'>interitura</span> <span class='ocrx_word' id='word_1_50' title='bbox 741 949 811 998; x_wconf 85' lang='lat' dir='ltr'>quae,</span> <span class='ocrx_word' id='word_1_51' title='bbox 826 934 855 983; x_wconf 81' lang='grc' dir='ltr'><strong>Ο.</strong></span> <span class='ocrx_word' id='word_1_52' title='bbox 866 933 912 983; x_wconf 87' lang='lat' dir='ltr'>IV.</span> <span class='ocrx_word' id='word_1_53' title='bbox 922 934 957 983; x_wconf 89' lang='lat' dir='ltr'>ix.</span> 
     </span>
    </p>

    <p class='ocr_par' dir='ltr' id='par_1_7' title="bbox 381 998 974 1063">
     <span class='ocr_line' id='line_1_9' title="bbox 381 998 974 1063; baseline 0 -15"><span class='ocrx_word' id='word_1_54' title='bbox 381 999 454 1048; x_wconf 84' lang='lat' dir='ltr'>Natis</span> <span class='ocrx_word' id='word_1_55' title='bbox 465 1000 490 1048; x_wconf 87' lang='lat' dir='ltr'>in</span> <span class='ocrx_word' id='word_1_56' title='bbox 501 1015 573 1048; x_wconf 88' lang='lat' dir='ltr'>usum</span> <span class='ocrx_word' id='word_1_57' title='bbox 587 999 697 1048; x_wconf 82' lang='lat' dir='ltr'>laetitiae</span> <span class='ocrx_word' id='word_1_58' title='bbox 708 1000 815 1063; x_wconf 67' lang='lat' dir='ltr'>scyphis,</span> <span class='ocrx_word' id='word_1_59' title='bbox 824 998 853 1048; x_wconf 81' lang='lat' dir='ltr'>O.</span> <span class='ocrx_word' id='word_1_60' title='bbox 864 998 886 1046; x_wconf 92' lang='grc' dir='ltr'><strong>Ι.</strong></span> <span class='ocrx_word' id='word_1_61' title='bbox 897 999 974 1048; x_wconf 90' lang='lat' dir='ltr'>xxvii.</span> 
     </span>
    </p>

    <p class='ocr_par' dir='ltr' id='par_1_8' title="bbox 381 1062 948 1128">
     <span class='ocr_line' id='line_1_10' title="bbox 381 1062 948 1128; baseline -0.002 -15"><span class='ocrx_word' id='word_1_62' title='bbox 381 1065 420 1113; x_wconf 85' lang='lat' dir='ltr'>Ne</span> <span class='ocrx_word' id='word_1_63' title='bbox 430 1065 463 1113; x_wconf 85' lang='lat' dir='ltr'>sit</span> <span class='ocrx_word' id='word_1_64' title='bbox 473 1065 574 1113; x_wconf 85' lang='lat' dir='ltr'>aneillue</span> <span class='ocrx_word' id='word_1_65' title='bbox 584 1065 631 1113; x_wconf 87' lang='lat' dir='ltr'>tibi</span> <span class='ocrx_word' id='word_1_66' title='bbox 641 1079 710 1114; x_wconf 86' lang='lat' dir='ltr'>amor</span> <span class='ocrx_word' id='word_1_67' title='bbox 719 1064 816 1128; x_wconf 80' lang='lat' dir='ltr'>pudori,</span> <span class='ocrx_word' id='word_1_68' title='bbox 828 1063 855 1112; x_wconf 82' lang='grc'><strong>0.</strong></span> <span class='ocrx_word' id='word_1_69' title='bbox 867 1062 904 1112; x_wconf 89' lang='lat'>11.</span> <span class='ocrx_word' id='word_1_70' title='bbox 915 1064 948 1112; x_wconf 85' lang='lat' dir='ltr'>ir.</span> 
     </span>
    </p>

    <p class='ocr_par' dir='ltr' id='par_1_9' title="bbox 380 1128 993 1193">
     <span class='ocr_line' id='line_1_11' title="bbox 380 1128 993 1193; baseline 0.002 -15"><span class='ocrx_word' id='word_1_71' title='bbox 380 1129 451 1178; x_wconf 80' lang='lat' dir='ltr'>Nolis</span> <span class='ocrx_word' id='word_1_72' title='bbox 461 1130 534 1193; x_wconf 76' lang='lat' dir='ltr'>longa</span> <span class='ocrx_word' id='word_1_73' title='bbox 542 1129 608 1178; x_wconf 84' lang='lat' dir='ltr'>serae</span> <span class='ocrx_word' id='word_1_74' title='bbox 619 1129 682 1177; x_wconf 87' lang='lat' dir='ltr'>bella</span> <span class='ocrx_word' id='word_1_75' title='bbox 690 1129 849 1185; x_wconf 72' lang='lat' dir='ltr'>Numantiae,</span> <span class='ocrx_word' id='word_1_76' title='bbox 861 1128 890 1178; x_wconf 82' lang='lat' dir='ltr'>G.</span> <span class='ocrx_word' id='word_1_77' title='bbox 903 1129 939 1177; x_wconf 87' lang='grc' dir='ltr'><strong>[Ι.</strong></span> <span class='ocrx_word' id='word_1_78' title='bbox 951 1128 993 1179; x_wconf 90' lang='lat' dir='ltr'>xii.</span> 
     </span>
    </p>

    <p class='ocr_par' dir='ltr' id='par_1_10' title="bbox 381 1192 989 1258">
     <span class='ocr_line' id='line_1_12' title="bbox 381 1192 989 1258; baseline 0 -16"><span class='ocrx_word' id='word_1_79' title='bbox 381 1194 498 1244; x_wconf 86' lang='lat' dir='ltr'>Nondum</span> <span class='ocrx_word' id='word_1_80' title='bbox 508 1194 610 1243; x_wconf 85' lang='lat' dir='ltr'>subacta</span> <span class='ocrx_word' id='word_1_81' title='bbox 618 1194 682 1243; x_wconf 83' lang='lat' dir='ltr'>ferre</span> <span class='ocrx_word' id='word_1_82' title='bbox 689 1195 779 1258; x_wconf 77' lang='lat' dir='ltr'>jugum</span> <span class='ocrx_word' id='word_1_83' title='bbox 790 1194 864 1248; x_wconf 74' lang='lat' dir='ltr'>valet,</span> <span class='ocrx_word' id='word_1_84' title='bbox 876 1192 905 1243; x_wconf 81' lang='lat' dir='ltr'>O.</span> <span class='ocrx_word' id='word_1_85' title='bbox 916 1193 953 1242; x_wconf 90' lang='lat'>11.</span> <span class='ocrx_word' id='word_1_86' title='bbox 964 1209 989 1242; x_wconf 92' lang='lat' dir='ltr'>v.</span> 
     </span>
    </p>

    <p class='ocr_par' dir='ltr' id='par_1_11' title="bbox 381 1258 886 1323">
     <span class='ocr_line' id='line_1_13' title="bbox 381 1258 886 1323; baseline 0 -16"><span class='ocrx_word' id='word_1_87' title='bbox 381 1259 439 1308; x_wconf 86' lang='lat' dir='ltr'>Non</span> <span class='ocrx_word' id='word_1_88' title='bbox 449 1260 510 1308; x_wconf 87' lang='lat' dir='ltr'>ebur</span> <span class='ocrx_word' id='word_1_89' title='bbox 519 1274 598 1323; x_wconf 87' lang='lat' dir='ltr'>neque</span> <span class='ocrx_word' id='word_1_90' title='bbox 608 1274 716 1315; x_wconf 82' lang='lat' dir='ltr'>aureum,</span> <span class='ocrx_word' id='word_1_91' title='bbox 729 1259 758 1308; x_wconf 85' lang='lat' dir='ltr'>C.</span> <span class='ocrx_word' id='word_1_92' title='bbox 769 1258 807 1307; x_wconf 91' lang='lat'>11.</span> <span class='ocrx_word' id='word_1_93' title='bbox 817 1258 886 1307; x_wconf 88' lang='lat' dir='ltr'>xviii.</span> 
     </span>
    </p>

    <p class='ocr_par' dir='ltr' id='par_1_12' title="bbox 381 1322 1018 1387">
     <span class='ocr_line' id='line_1_14' title="bbox 381 1322 1018 1387; baseline 0 -15"><span class='ocrx_word' id='word_1_94' title='bbox 381 1324 440 1372; x_wconf 87' lang='lat' dir='ltr'>Non</span> <span class='ocrx_word' id='word_1_95' title='bbox 450 1339 544 1387; x_wconf 88' lang='lat' dir='ltr'>semper</span> <span class='ocrx_word' id='word_1_96' title='bbox 553 1323 644 1373; x_wconf 89' lang='lat' dir='ltr'>imbres</span> <span class='ocrx_word' id='word_1_97' title='bbox 655 1323 760 1372; x_wconf 87' lang='lat' dir='ltr'>nubibus</span> <span class='ocrx_word' id='word_1_98' title='bbox 788 1323 794 1336; x_wconf 86' lang='lat'>&#39;</span> <span class='ocrx_word' id='word_1_99' title='bbox 825 1323 885 1380; x_wconf 86' lang='lat' dir='ltr'>idos,</span> <span class='ocrx_word' id='word_1_100' title='bbox 896 1322 925 1372; x_wconf 81' lang='lat'>0.</span> <span class='ocrx_word' id='word_1_101' title='bbox 936 1322 974 1372; x_wconf 92' lang='grc' dir='ltr'><strong>ΙΙ.</strong></span> <span class='ocrx_word' id='word_1_102' title='bbox 983 1324 1018 1373; x_wconf 82' lang='lat' dir='ltr'>ix.</span> 
     </span>
    </p>

    <p class='ocr_par' dir='ltr' id='par_1_13' title="bbox 380 1387 901 1445">
     <span class='ocr_line' id='line_1_15' title="bbox 380 1387 901 1445; baseline -0.002 -9"><span class='ocrx_word' id='word_1_103' title='bbox 380 1389 438 1436; x_wconf 86' lang='lat' dir='ltr'>Non</span> <span class='ocrx_word' id='word_1_104' title='bbox 449 1389 541 1437; x_wconf 86' lang='lat' dir='ltr'>usitate</span> <span class='ocrx_word' id='word_1_105' title='bbox 552 1403 596 1437; x_wconf 89' lang='lat' dir='ltr'>neo</span> <span class='ocrx_word' id='word_1_106' title='bbox 607 1388 676 1437; x_wconf 77' lang='lat' dir='ltr'>tenni</span> <span class='ocrx_word' id='word_1_107' title='bbox 687 1388 760 1445; x_wconf 82' lang='lat' dir='ltr'>ferar,</span> <span class='ocrx_word' id='word_1_108' title='bbox 772 1387 800 1437; x_wconf 82' lang='lat' dir='ltr'>C.</span> <span class='ocrx_word' id='word_1_109' title='bbox 828 1389 849 1436; x_wconf 88' lang='lat'>1.</span> <span class='ocrx_word' id='word_1_110' title='bbox 860 1403 901 1435; x_wconf 88' lang='lat' dir='ltr'>xx.</span> 
     </span>
    </p>

    <p class='ocr_par' dir='ltr' id='par_1_14' title="bbox 375 1451 990 1517">
     <span class='ocr_line' id='line_1_16' title="bbox 375 1451 990 1517; baseline 0 -17"><span class='ocrx_word' id='word_1_111' title='bbox 375 1452 433 1501; x_wconf 81' lang='lat' dir='ltr'>Non</span> <span class='ocrx_word' id='word_1_112' title='bbox 444 1454 511 1502; x_wconf 86' lang='lat' dir='ltr'>vides</span> <span class='ocrx_word' id='word_1_113' title='bbox 521 1457 614 1517; x_wconf 80' lang='lat' dir='ltr'>quanio</span> <span class='ocrx_word' id='word_1_114' title='bbox 625 1469 721 1502; x_wconf 86' lang='lat' dir='ltr'>moveas</span> <span class='ocrx_word' id='word_1_115' title='bbox 732 1452 830 1516; x_wconf 86' lang='lat' dir='ltr'>periclo,</span> <span class='ocrx_word' id='word_1_116' title='bbox 842 1452 872 1500; x_wconf 82' lang='grc' dir='ltr'><strong>Ο.</strong></span> <span class='ocrx_word' id='word_1_117' title='bbox 885 1451 938 1500; x_wconf 91' lang='grc' dir='ltr'><strong>ΙΙΙ.</strong></span> <span class='ocrx_word' id='word_1_118' title='bbox 949 1468 990 1501; x_wconf 90' lang='lat' dir='ltr'>xx.</span> 
     </span>
    </p>

    <p class='ocr_par' dir='ltr' id='par_1_15' title="bbox 380 1517 1178 1703">
     <span class='ocr_line' id='line_1_17' title="bbox 381 1517 1065 1581; baseline 0 -15"><span class='ocrx_word' id='word_1_119' title='bbox 381 1519 437 1566; x_wconf 87' lang='lat' dir='ltr'>Nox</span> <span class='ocrx_word' id='word_1_120' title='bbox 448 1522 502 1567; x_wconf 82' lang='lat' dir='ltr'>erui</span> <span class='ocrx_word' id='word_1_121' title='bbox 511 1523 537 1566; x_wconf 84' lang='lat' dir='ltr'>et</span> <span class='ocrx_word' id='word_1_122' title='bbox 547 1519 613 1567; x_wconf 85' lang='lat' dir='ltr'>eaelo</span> <span class='ocrx_word' id='word_1_123' title='bbox 624 1518 735 1580; x_wconf 80' lang='lat' dir='ltr'>fulgebat</span> <span class='ocrx_word' id='word_1_124' title='bbox 747 1517 820 1566; x_wconf 76' lang='lat' dir='ltr'>launa</span> <span class='ocrx_word' id='word_1_125' title='bbox 830 1533 922 1574; x_wconf 87' lang='lat' dir='ltr'>sereno,</span> <span class='ocrx_word' id='word_1_126' title='bbox 936 1517 1014 1581; x_wconf 79' lang='lat' dir='ltr'>Epod.</span> <span class='ocrx_word' id='word_1_127' title='bbox 1025 1533 1065 1566; x_wconf 98' lang='lat' dir='ltr'>xv.</span> 
     </span>
     <span class='ocr_line' id='line_1_18' title="bbox 380 1581 1178 1645; baseline 0.003 -15"><span class='ocrx_word' id='word_1_128' title='bbox 380 1582 489 1638; x_wconf 87' lang='lat' dir='ltr'>Nullam,</span> <span class='ocrx_word' id='word_1_129' title='bbox 500 1582 573 1639; x_wconf 84' lang='lat' dir='ltr'>Vere,</span> <span class='ocrx_word' id='word_1_130' title='bbox 585 1598 652 1631; x_wconf 70' lang='lat' dir='ltr'>mora</span> <span class='ocrx_word' id='word_1_131' title='bbox 663 1583 714 1632; x_wconf 89' lang='lat' dir='ltr'>vite</span> <span class='ocrx_word' id='word_1_132' title='bbox 724 1582 793 1645; x_wconf 88' lang='lat' dir='ltr'>prius</span> <span class='ocrx_word' id='word_1_133' title='bbox 804 1582 894 1630; x_wconf 83' lang='lat' dir='ltr'>severis</span> <span class='ocrx_word' id='word_1_134' title='bbox 904 1583 1023 1641; x_wconf 81' lang='lat' dir='ltr'>arborem,</span> <span class='ocrx_word' id='word_1_135' title='bbox 1034 1582 1064 1631; x_wconf 80' lang='lat'>0.</span> <span class='ocrx_word' id='word_1_136' title='bbox 1075 1581 1098 1630; x_wconf 91' lang='grc' dir='ltr'><strong>Ι.</strong></span> <span class='ocrx_word' id='word_1_137' title='bbox 1109 1581 1178 1632; x_wconf 82' lang='lat' dir='ltr'>xviii.</span> 
     </span>
     <span class='ocr_line' id='line_1_19' title="bbox 380 1646 940 1703; baseline -0.002 -8"><span class='ocrx_word' id='word_1_138' title='bbox 380 1646 472 1696; x_wconf 81' lang='lat' dir='ltr'>Nullus</span> <span class='ocrx_word' id='word_1_139' title='bbox 541 1653 586 1696; x_wconf 92' lang='lat' dir='ltr'>nto</span> <span class='ocrx_word' id='word_1_140' title='bbox 596 1647 661 1696; x_wconf 90' lang='lat' dir='ltr'>oolor</span> <span class='ocrx_word' id='word_1_141' title='bbox 677 1653 714 1696; x_wconf 85' lang='lat' dir='ltr'>est</span> <span class='ocrx_word' id='word_1_142' title='bbox 724 1647 812 1703; x_wconf 79' lang='lat' dir='ltr'>avaris,</span> <span class='ocrx_word' id='word_1_143' title='bbox 825 1647 853 1696; x_wconf 71' lang='grc' dir='ltr'><strong>(Ι.</strong></span> <span class='ocrx_word' id='word_1_144' title='bbox 866 1647 902 1695; x_wconf 89' lang='grc' dir='ltr'><strong>ΙΙ.</strong></span> <span class='ocrx_word' id='word_1_145' title='bbox 913 1647 940 1695; x_wconf 85' lang='lat' dir='ltr'>ii.</span> 
     </span>
    </p>

    <p class='ocr_par' dir='ltr' id='par_1_16' title="bbox 380 1710 1072 1775">
     <span class='ocr_line' id='line_1_20' title="bbox 380 1710 1072 1775; baseline 0 -15"><span class='ocrx_word' id='word_1_146' title='bbox 380 1712 455 1761; x_wconf 84' lang='lat' dir='ltr'>Nune</span> <span class='ocrx_word' id='word_1_147' title='bbox 465 1717 504 1761; x_wconf 88' lang='lat' dir='ltr'>est</span> <span class='ocrx_word' id='word_1_148' title='bbox 532 1713 654 1768; x_wconf 86' lang='lat' dir='ltr'>ibeudum,</span> <span class='ocrx_word' id='word_1_149' title='bbox 666 1727 731 1760; x_wconf 87' lang='lat' dir='ltr'>nuno</span> <span class='ocrx_word' id='word_1_150' title='bbox 742 1713 804 1775; x_wconf 87' lang='lat' dir='ltr'>pede</span> <span class='ocrx_word' id='word_1_151' title='bbox 813 1711 898 1770; x_wconf 71' lang='lat' dir='ltr'>nuso,</span> <span class='ocrx_word' id='word_1_152' title='bbox 908 1710 937 1760; x_wconf 81' lang='lat' dir='ltr'>O.</span> <span class='ocrx_word' id='word_1_153' title='bbox 947 1711 971 1760; x_wconf 86' lang='lat'>1.</span> <span class='ocrx_word' id='word_1_154' title='bbox 981 1711 1072 1760; x_wconf 85' lang='lat' dir='ltr'>xxxvii.</span> 
     </span>
    </p>

    <p class='ocr_par' dir='ltr' id='par_1_17' title="bbox 381 1775 1156 1905">
     <span class='ocr_line' id='line_1_21' title="bbox 381 1775 1156 1839; baseline -0.001 -14"><span class='ocrx_word' id='word_1_155' title='bbox 381 1775 403 1825; x_wconf 95' lang='grc'>0</span> <span class='ocrx_word' id='word_1_156' title='bbox 414 1776 519 1826; x_wconf 86' lang='lat' dir='ltr'>crudelis</span> <span class='ocrx_word' id='word_1_157' title='bbox 529 1777 609 1826; x_wconf 85' lang='lat' dir='ltr'>adhue</span> <span class='ocrx_word' id='word_1_158' title='bbox 620 1781 646 1826; x_wconf 89' lang='lat' dir='ltr'>et</span> <span class='ocrx_word' id='word_1_159' title='bbox 656 1777 760 1826; x_wconf 86' lang='lat' dir='ltr'>Veneris</span> <span class='ocrx_word' id='word_1_160' title='bbox 773 1777 916 1825; x_wconf 87' lang='lat' dir='ltr'>muneribus</span> <span class='ocrx_word' id='word_1_161' title='bbox 926 1779 1020 1839; x_wconf 81' lang='lat' dir='ltr'>poiens,</span> <span class='ocrx_word' id='word_1_162' title='bbox 1031 1776 1060 1826; x_wconf 81' lang='lat' dir='ltr'>O.</span> <span class='ocrx_word' id='word_1_163' title='bbox 1071 1775 1119 1824; x_wconf 83' lang='lat' dir='ltr'>IV.</span> <span class='ocrx_word' id='word_1_164' title='bbox 1129 1790 1156 1824; x_wconf 94' lang='lat' dir='ltr'>x.</span> 
     </span>
     <span class='ocr_line' id='line_1_22' title="bbox 382 1840 1021 1905; baseline -0.003 -15"><span class='ocrx_word' id='word_1_165' title='bbox 382 1841 404 1890; x_wconf 93' lang='lat'>0</span> <span class='ocrx_word' id='word_1_166' title='bbox 415 1842 480 1900; x_wconf 86' lang='lat' dir='ltr'>diva,</span> <span class='ocrx_word' id='word_1_167' title='bbox 496 1846 595 1904; x_wconf 75' lang='lat' dir='ltr'>gratim</span> <span class='ocrx_word' id='word_1_168' title='bbox 606 1857 667 1905; x_wconf 84' lang='lat' dir='ltr'>quse</span> <span class='ocrx_word' id='word_1_169' title='bbox 678 1841 743 1904; x_wconf 80' lang='lat' dir='ltr'>regis</span> <span class='ocrx_word' id='word_1_170' title='bbox 753 1840 864 1898; x_wconf 79' lang='lat' dir='ltr'>Antium,</span> <span class='ocrx_word' id='word_1_171' title='bbox 873 1841 902 1890; x_wconf 80' lang='grc' dir='ltr'><strong>Ο.</strong></span> <span class='ocrx_word' id='word_1_172' title='bbox 914 1841 936 1889; x_wconf 91' lang='lat' dir='ltr'>L</span> <span class='ocrx_word' id='word_1_173' title='bbox 946 1856 1021 1889; x_wconf 90' lang='lat' dir='ltr'>xxxv.</span> 
     </span>
    </p>

    <p class='ocr_par' dir='ltr' id='par_1_18' title="bbox 382 1905 1033 1970">
     <span class='ocr_line' id='line_1_23' title="bbox 382 1905 1033 1970; baseline 0 -15"><span class='ocrx_word' id='word_1_174' title='bbox 382 1905 469 1955; x_wconf 80' lang='lat' dir='ltr'>Ofons</span> <span class='ocrx_word' id='word_1_175' title='bbox 481 1907 625 1962; x_wconf 75' lang='lat' dir='ltr'>Bandusiae,</span> <span class='ocrx_word' id='word_1_176' title='bbox 637 1906 784 1970; x_wconf 78' lang='lat' dir='ltr'>splendidior</span> <span class='ocrx_word' id='word_1_177' title='bbox 794 1907 867 1962; x_wconf 86' lang='lat' dir='ltr'>vitro,</span> <span class='ocrx_word' id='word_1_178' title='bbox 879 1905 907 1954; x_wconf 87' lang='lat' dir='ltr'>C.</span> <span class='ocrx_word' id='word_1_179' title='bbox 918 1906 970 1955; x_wconf 88' lang='grc' dir='ltr'><strong>ΙΙΙ.</strong></span> <span class='ocrx_word' id='word_1_180' title='bbox 981 1906 1033 1955; x_wconf 86' lang='lat' dir='ltr'>xiii.</span> 
     </span>
    </p>

    <p class='ocr_par' dir='ltr' id='par_1_19' title="bbox 382 1969 946 2035">
     <span class='ocr_line' id='line_1_24' title="bbox 382 1969 946 2035; baseline -0.004 -15"><span class='ocrx_word' id='word_1_181' title='bbox 382 1969 405 2020; x_wconf 90' lang='lat' dir='ltr'>O</span> <span class='ocrx_word' id='word_1_182' title='bbox 416 1976 495 2020; x_wconf 80' lang='lat' dir='ltr'>mutuo</span> <span class='ocrx_word' id='word_1_183' title='bbox 505 1971 608 2035; x_wconf 80' lang='lat' dir='ltr'>pulchra</span> <span class='ocrx_word' id='word_1_184' title='bbox 619 1972 669 2020; x_wconf 87' lang='lat' dir='ltr'>illia</span> <span class='ocrx_word' id='word_1_185' title='bbox 680 1971 811 2034; x_wconf 83' lang='lat' dir='ltr'>pulchrior,</span> <span class='ocrx_word' id='word_1_186' title='bbox 824 1972 852 2020; x_wconf 85' lang='lat' dir='ltr'>G.</span> <span class='ocrx_word' id='word_1_187' title='bbox 864 1970 886 2018; x_wconf 93' lang='lat'>1.</span> <span class='ocrx_word' id='word_1_188' title='bbox 897 1972 946 2018; x_wconf 92' lang='lat' dir='ltr'>xvi.</span> 
     </span>
    </p>

    <p class='ocr_par' dir='ltr' id='par_1_20' title="bbox 382 2035 962 2091">
     <span class='ocr_line' id='line_1_25' title="bbox 382 2035 962 2091; baseline -0.002 -6"><span class='ocrx_word' id='word_1_189' title='bbox 382 2035 405 2085; x_wconf 94' lang='lat'>0</span> <span class='ocrx_word' id='word_1_190' title='bbox 416 2040 476 2086; x_wconf 84' lang='lat' dir='ltr'>nata</span> <span class='ocrx_word' id='word_1_191' title='bbox 484 2052 579 2085; x_wconf 80' lang='lat' dir='ltr'>mecum</span> <span class='ocrx_word' id='word_1_192' title='bbox 590 2036 688 2084; x_wconf 80' lang='lat' dir='ltr'>consule</span> <span class='ocrx_word' id='word_1_193' title='bbox 699 2036 799 2091; x_wconf 87' lang='lat' dir='ltr'>Manlio,</span> <span class='ocrx_word' id='word_1_194' title='bbox 812 2036 839 2085; x_wconf 80' lang='lat' dir='ltr'>O.</span> <span class='ocrx_word' id='word_1_195' title='bbox 851 2035 903 2084; x_wconf 87' lang='lat'>111.</span> <span class='ocrx_word' id='word_1_196' title='bbox 913 2035 962 2084; x_wconf 88' lang='lat' dir='ltr'>xxi.</span> 
     </span>
    </p>

    <p class='ocr_par' dir='ltr' id='par_1_21' title="bbox 382 2099 970 2158">
     <span class='ocr_line' id='line_1_26' title="bbox 382 2099 970 2158; baseline -0.002 -8"><span class='ocrx_word' id='word_1_197' title='bbox 382 2100 405 2150; x_wconf 95' lang='lat'>0</span> <span class='ocrx_word' id='word_1_198' title='bbox 415 2102 492 2158; x_wconf 81' lang='lat' dir='ltr'>navis,</span> <span class='ocrx_word' id='word_1_199' title='bbox 502 2103 608 2150; x_wconf 79' lang='lat' dir='ltr'>referent</span> <span class='ocrx_word' id='word_1_200' title='bbox 618 2101 644 2148; x_wconf 91' lang='lat' dir='ltr'>in</span> <span class='ocrx_word' id='word_1_201' title='bbox 656 2116 723 2151; x_wconf 86' lang='lat' dir='ltr'>mare</span> <span class='ocrx_word' id='word_1_202' title='bbox 733 2105 760 2150; x_wconf 86' lang='lat' dir='ltr'>te</span> <span class='ocrx_word' id='word_1_203' title='bbox 770 2101 836 2157; x_wconf 89' lang='lat' dir='ltr'>novi,</span> <span class='ocrx_word' id='word_1_204' title='bbox 847 2100 874 2150; x_wconf 83' lang='lat' dir='ltr'>C.</span> <span class='ocrx_word' id='word_1_205' title='bbox 887 2099 910 2148; x_wconf 94' lang='lat' dir='ltr'>I.</span> <span class='ocrx_word' id='word_1_206' title='bbox 921 2101 970 2150; x_wconf 86' lang='lat' dir='ltr'>xiv.</span> 
     </span>
    </p>

    <p class='ocr_par' dir='ltr' id='par_1_22' title="bbox 383 2164 1018 2230">
     <span class='ocr_line' id='line_1_27' title="bbox 383 2164 1018 2230; baseline -0.002 -14"><span class='ocrx_word' id='word_1_207' title='bbox 383 2165 405 2216; x_wconf 94' lang='grc'><strong>0</strong></span> <span class='ocrx_word' id='word_1_208' title='bbox 417 2182 487 2230; x_wconf 82' lang='lat' dir='ltr'>saepe</span> <span class='ocrx_word' id='word_1_209' title='bbox 498 2181 593 2215; x_wconf 81' lang='lat' dir='ltr'>meeum</span> <span class='ocrx_word' id='word_1_210' title='bbox 605 2171 701 2228; x_wconf 86' lang='lat' dir='ltr'>tempus</span> <span class='ocrx_word' id='word_1_211' title='bbox 712 2166 740 2214; x_wconf 91' lang='lat' dir='ltr'>in</span> <span class='ocrx_word' id='word_1_212' title='bbox 750 2165 874 2222; x_wconf 87' lang='lat' dir='ltr'>ultimum,</span> <span class='ocrx_word' id='word_1_213' title='bbox 887 2164 1018 2215; x_wconf 77' lang='lat' dir='ltr'>c.11.vit</span> 
     </span>
    </p>

    <p class='ocr_par' dir='ltr' id='par_1_23' title="bbox 382 2229 973 2294">
     <span class='ocr_line' id='line_1_28' title="bbox 382 2229 973 2294; baseline -0.002 -14"><span class='ocrx_word' id='word_1_214' title='bbox 382 2231 405 2280; x_wconf 90' lang='grc' dir='ltr'><strong>Ο</strong></span> <span class='ocrx_word' id='word_1_215' title='bbox 419 2231 507 2287; x_wconf 89' lang='lat' dir='ltr'>Venus,</span> <span class='ocrx_word' id='word_1_216' title='bbox 518 2231 603 2294; x_wconf 64' lang='grc' dir='ltr'>τεςίιιι</span> <span class='ocrx_word' id='word_1_217' title='bbox 613 2230 685 2279; x_wconf 85' lang='lat' dir='ltr'>Cnidi</span> <span class='ocrx_word' id='word_1_218' title='bbox 696 2229 831 2294; x_wconf 86' lang='lat' dir='ltr'>Paphique,</span> <span class='ocrx_word' id='word_1_219' title='bbox 844 2229 873 2279; x_wconf 81' lang='grc' dir='ltr'><strong>Ο.</strong></span> <span class='ocrx_word' id='word_1_220' title='bbox 883 2230 906 2278; x_wconf 92' lang='grc' dir='ltr'><strong>Ι.</strong></span> <span class='ocrx_word' id='word_1_221' title='bbox 916 2245 973 2279; x_wconf 81' lang='lat' dir='ltr'>xxx.</span> 
     </span>
    </p>

    <p class='ocr_par' dir='ltr' id='par_1_24' title="bbox 382 2294 926 2359">
     <span class='ocr_line' id='line_1_29' title="bbox 382 2294 926 2359; baseline -0.007 -13"><span class='ocrx_word' id='word_1_222' title='bbox 382 2296 430 2346; x_wconf 91' lang='lat' dir='ltr'>Odi</span> <span class='ocrx_word' id='word_1_223' title='bbox 440 2296 570 2359; x_wconf 80' lang='lat' dir='ltr'>profanum</span> <span class='ocrx_word' id='word_1_224' title='bbox 581 2295 668 2359; x_wconf 81' lang='lat' dir='ltr'>vulgus</span> <span class='ocrx_word' id='word_1_225' title='bbox 679 2299 705 2343; x_wconf 88' lang='lat' dir='ltr'>et</span> <span class='ocrx_word' id='word_1_226' title='bbox 715 2311 793 2351; x_wconf 88' lang='lat' dir='ltr'>aroeo,</span> <span class='ocrx_word' id='word_1_227' title='bbox 805 2295 834 2343; x_wconf 86' lang='lat' dir='ltr'>O.</span> <span class='ocrx_word' id='word_1_228' title='bbox 845 2294 897 2343; x_wconf 88' lang='lat'>111.</span> <span class='ocrx_word' id='word_1_229' title='bbox 908 2295 926 2343; x_wconf 90' lang='lat' dir='ltr'>i.</span> 
     </span>
    </p>

    <p class='ocr_par' dir='ltr' id='par_1_25' title="bbox 381 2360 929 2424">
     <span class='ocr_line' id='line_1_30' title="bbox 381 2360 929 2424; baseline -0.004 -14"><span class='ocrx_word' id='word_1_230' title='bbox 381 2362 468 2410; x_wconf 84' lang='lat' dir='ltr'>Otium</span> <span class='ocrx_word' id='word_1_231' title='bbox 478 2362 547 2409; x_wconf 89' lang='lat' dir='ltr'>divos</span> <span class='ocrx_word' id='word_1_232' title='bbox 557 2367 628 2424; x_wconf 74' lang='lat' dir='ltr'>rogat</span> <span class='ocrx_word' id='word_1_233' title='bbox 638 2361 664 2408; x_wconf 90' lang='lat' dir='ltr'>iu</span> <span class='ocrx_word' id='word_1_234' title='bbox 672 2364 781 2422; x_wconf 77' lang='lat' dir='ltr'>patente,</span> <span class='ocrx_word' id='word_1_235' title='bbox 792 2360 821 2408; x_wconf 81' lang='lat' dir='ltr'>C.</span> <span class='ocrx_word' id='word_1_236' title='bbox 832 2360 869 2408; x_wconf 93' lang='lat'>11.</span> <span class='ocrx_word' id='word_1_237' title='bbox 879 2360 929 2408; x_wconf 86' lang='lat' dir='ltr'>xvi.</span> 
     </span>
    </p>

    <p class='ocr_par' dir='ltr' id='par_1_26' title="bbox 382 2423 997 2489">
     <span class='ocr_line' id='line_1_31' title="bbox 382 2423 997 2489; baseline 0 -15"><span class='ocrx_word' id='word_1_238' title='bbox 382 2427 482 2474; x_wconf 84' lang='lat' dir='ltr'>Parcius</span> <span class='ocrx_word' id='word_1_239' title='bbox 494 2427 590 2474; x_wconf 64' lang='lat' dir='ltr'>&#39;onmes</span> <span class='ocrx_word' id='word_1_240' title='bbox 600 2425 717 2489; x_wconf 87' lang='lat' dir='ltr'>quatiunt</span> <span class='ocrx_word' id='word_1_241' title='bbox 727 2425 854 2481; x_wconf 70' lang='lat' dir='ltr'>fenestras,</span> <span class='ocrx_word' id='word_1_242' title='bbox 866 2423 894 2475; x_wconf 80' lang='lat'>0.</span> <span class='ocrx_word' id='word_1_243' title='bbox 907 2424 929 2472; x_wconf 91' lang='lat'>1.</span> <span class='ocrx_word' id='word_1_244' title='bbox 939 2439 997 2474; x_wconf 86' lang='lat' dir='ltr'>xxv.</span> 
     </span>
    </p>

    <p class='ocr_par' dir='ltr' id='par_1_27' title="bbox 382 2443 1038 2618">
     <span class='ocr_line' id='line_1_32' title="bbox 382 2443 1038 2553; baseline 0 -14"><span class='ocrx_word' id='word_1_245' title='bbox 382 2490 473 2540; x_wconf 81' lang='lat' dir='ltr'>Parcus</span> <span class='ocrx_word' id='word_1_246' title='bbox 484 2443 584 2539; x_wconf 84' lang='lat' dir='ltr'>deornm</span> <span class='ocrx_word' id='word_1_247' title='bbox 595 2491 675 2540; x_wconf 84' lang='lat' dir='ltr'>cultor</span> <span class='ocrx_word' id='word_1_248' title='bbox 685 2493 712 2538; x_wconf 88' lang='lat' dir='ltr'>et</span> <span class='ocrx_word' id='word_1_249' title='bbox 723 2489 870 2553; x_wconf 74' lang='lat' dir='ltr'>infrequens,</span> <span class='ocrx_word' id='word_1_250' title='bbox 882 2488 911 2538; x_wconf 81' lang='lat' dir='ltr'>C.</span> <span class='ocrx_word' id='word_1_251' title='bbox 922 2488 944 2537; x_wconf 89' lang='lat'>1.</span> <span class='ocrx_word' id='word_1_252' title='bbox 956 2489 1038 2539; x_wconf 87' lang='lat' dir='ltr'>xxxiv.</span> 
     </span>
     <span class='ocr_line' id='line_1_33' title="bbox 382 2554 978 2618; baseline -0.002 -15"><span class='ocrx_word' id='word_1_253' title='bbox 382 2555 495 2604; x_wconf 84' lang='lat' dir='ltr'>Parentis</span> <span class='ocrx_word' id='word_1_254' title='bbox 505 2557 564 2603; x_wconf 92' lang='lat' dir='ltr'>olim</span> <span class='ocrx_word' id='word_1_255' title='bbox 575 2555 595 2603; x_wconf 91' lang='lat' dir='ltr'>si</span> <span class='ocrx_word' id='word_1_256' title='bbox 607 2556 661 2618; x_wconf 87' lang='lat' dir='ltr'>quis</span> <span class='ocrx_word' id='word_1_257' title='bbox 672 2555 748 2617; x_wconf 85' lang='lat' dir='ltr'>impie</span> <span class='ocrx_word' id='word_1_258' title='bbox 758 2570 840 2611; x_wconf 88' lang='lat' dir='ltr'>manu,</span> <span class='ocrx_word' id='word_1_259' title='bbox 852 2554 931 2617; x_wconf 82' lang='lat' dir='ltr'>llpod.</span> <span class='ocrx_word' id='word_1_260' title='bbox 941 2554 978 2602; x_wconf 88' lang='lat' dir='ltr'>iii.</span> 
     </span>
    </p>

    <p class='ocr_par' dir='ltr' id='par_1_28' title="bbox 381 2618 1032 2748">
     <span class='ocr_line' id='line_1_34' title="bbox 381 2618 1032 2682; baseline 0.002 -15"><span class='ocrx_word' id='word_1_261' title='bbox 381 2620 468 2668; x_wconf 72' lang='lat' dir='ltr'>Pastor</span> <span class='ocrx_word' id='word_1_262' title='bbox 479 2635 535 2668; x_wconf 86' lang='lat' dir='ltr'>oum</span> <span class='ocrx_word' id='word_1_263' title='bbox 546 2621 657 2669; x_wconf 84' lang='lat' dir='ltr'>traheret</span> <span class='ocrx_word' id='word_1_264' title='bbox 667 2635 710 2682; x_wconf 89' lang='lat' dir='ltr'>per</span> <span class='ocrx_word' id='word_1_265' title='bbox 721 2619 784 2668; x_wconf 80' lang='lat' dir='ltr'>frete</span> <span class='ocrx_word' id='word_1_266' title='bbox 794 2619 906 2676; x_wconf 82' lang='lat' dir='ltr'>navibus,</span> <span class='ocrx_word' id='word_1_267' title='bbox 917 2618 945 2668; x_wconf 81' lang='lat' dir='ltr'>O.</span> <span class='ocrx_word' id='word_1_268' title='bbox 957 2618 979 2666; x_wconf 91' lang='lat'>1.</span> <span class='ocrx_word' id='word_1_269' title='bbox 990 2633 1032 2668; x_wconf 87' lang='lat' dir='ltr'>xv.</span> 
     </span>
     <span class='ocr_line' id='line_1_35' title="bbox 382 2683 1001 2748; baseline 0 -16"><span class='ocrx_word' id='word_1_270' title='bbox 382 2684 491 2732; x_wconf 86' lang='lat' dir='ltr'>Porsioos</span> <span class='ocrx_word' id='word_1_271' title='bbox 503 2685 549 2739; x_wconf 85' lang='lat' dir='ltr'>odi,</span> <span class='ocrx_word' id='word_1_272' title='bbox 562 2701 630 2747; x_wconf 87' lang='lat' dir='ltr'>puer,</span> <span class='ocrx_word' id='word_1_273' title='bbox 642 2688 783 2748; x_wconf 82' lang='lat' dir='ltr'>apparatus,</span> <span class='ocrx_word' id='word_1_274' title='bbox 795 2683 823 2734; x_wconf 82' lang='lat'>0.</span> <span class='ocrx_word' id='word_1_275' title='bbox 836 2684 858 2732; x_wconf 91' lang='lat'>1.</span> <span class='ocrx_word' id='word_1_276' title='bbox 868 2684 968 2732; x_wconf 86' lang='lat' dir='ltr'>xxxviii.</span> <span class='ocrx_word' id='word_1_277' title='bbox 998 2719 1001 2722; x_wconf 81' lang='lat'>-</span> 
     </span>
    </p>

    <p class='ocr_par' dir='ltr' id='par_1_29' title="bbox 380 2748 960 2812">
     <span class='ocr_line' id='line_1_36' title="bbox 380 2748 960 2812; baseline 0 -16"><span class='ocrx_word' id='word_1_278' title='bbox 380 2748 456 2804; x_wconf 85' lang='lat' dir='ltr'>Petti,</span> <span class='ocrx_word' id='word_1_279' title='bbox 468 2749 529 2798; x_wconf 88' lang='lat' dir='ltr'>nihil</span> <span class='ocrx_word' id='word_1_280' title='bbox 541 2765 581 2798; x_wconf 87' lang='lat' dir='ltr'>me</span> <span class='ocrx_word' id='word_1_281' title='bbox 591 2750 655 2798; x_wconf 86' lang='lat' dir='ltr'>sieut</span> <span class='ocrx_word' id='word_1_282' title='bbox 665 2754 738 2798; x_wconf 86' lang='lat' dir='ltr'>antea</span> <span class='ocrx_word' id='word_1_283' title='bbox 746 2750 826 2812; x_wconf 83' lang='lat' dir='ltr'>juvet,</span> <span class='ocrx_word' id='word_1_284' title='bbox 838 2748 916 2812; x_wconf 78' lang='lat' dir='ltr'>llpod</span> <span class='ocrx_word' id='word_1_285' title='bbox 926 2749 960 2796; x_wconf 92' lang='lat' dir='ltr'>xi.</span> 
     </span>
    </p>

    <p class='ocr_par' dir='ltr' id='par_1_30' title="bbox 381 2813 1046 3198">
     <span class='ocr_line' id='line_1_37' title="bbox 381 2813 1009 2877; baseline 0.003 -17"><span class='ocrx_word' id='word_1_286' title='bbox 381 2813 477 2861; x_wconf 87' lang='lat' dir='ltr'>Phoebe</span> <span class='ocrx_word' id='word_1_287' title='bbox 488 2814 651 2877; x_wconf 77' lang='lat' dir='ltr'>silvarumque</span> <span class='ocrx_word' id='word_1_288' title='bbox 662 2819 750 2877; x_wconf 85' lang='lat' dir='ltr'>potens</span> <span class='ocrx_word' id='word_1_289' title='bbox 761 2814 847 2873; x_wconf 75' lang='lat' dir='ltr'>Diuus,</span> <span class='ocrx_word' id='word_1_290' title='bbox 862 2814 944 2862; x_wconf 82' lang='lat' dir='ltr'>Curm.</span> <span class='ocrx_word' id='word_1_291' title='bbox 955 2813 1009 2862; x_wconf 83' lang='lat' dir='ltr'>Sec.</span> 
     </span>
     <span class='ocr_line' id='line_1_38' title="bbox 381 2877 1011 2942; baseline -0.002 -15"><span class='ocrx_word' id='word_1_292' title='bbox 381 2879 494 2927; x_wconf 88' lang='lat' dir='ltr'>Phoebus</span> <span class='ocrx_word' id='word_1_293' title='bbox 504 2877 625 2928; x_wconf 86' lang='lat' dir='ltr'>volentem</span> <span class='ocrx_word' id='word_1_294' title='bbox 636 2879 727 2941; x_wconf 88' lang='lat' dir='ltr'>proelia</span> <span class='ocrx_word' id='word_1_295' title='bbox 737 2893 778 2927; x_wconf 85' lang='lat' dir='ltr'>me</span> <span class='ocrx_word' id='word_1_296' title='bbox 788 2878 862 2942; x_wconf 89' lang='lat' dir='ltr'>loqui,</span> <span class='ocrx_word' id='word_1_297' title='bbox 874 2877 902 2928; x_wconf 82' lang='lat' dir='ltr'>C.</span> <span class='ocrx_word' id='word_1_298' title='bbox 914 2877 960 2926; x_wconf 86' lang='lat' dir='ltr'>IV.</span> <span class='ocrx_word' id='word_1_299' title='bbox 971 2893 1011 2926; x_wconf 87' lang='lat' dir='ltr'>xv.</span> 
     </span>
     <span class='ocr_line' id='line_1_39' title="bbox 382 2942 999 3007; baseline -0.002 -16"><span class='ocrx_word' id='word_1_300' title='bbox 382 2943 515 2992; x_wconf 76' lang='lat' dir='ltr'>Pindarum</span> <span class='ocrx_word' id='word_1_301' title='bbox 526 2945 634 3007; x_wconf 86' lang='lat' dir='ltr'>quisquis</span> <span class='ocrx_word' id='word_1_302' title='bbox 644 2944 729 2992; x_wconf 82' lang='lat' dir='ltr'>studet</span> <span class='ocrx_word' id='word_1_303' title='bbox 739 2943 865 2999; x_wconf 83' lang='lat' dir='ltr'>aemulari,</span> <span class='ocrx_word' id='word_1_304' title='bbox 876 2944 904 2992; x_wconf 81' lang='lat' dir='ltr'>O.</span> <span class='ocrx_word' id='word_1_305' title='bbox 916 2942 962 2991; x_wconf 89' lang='lat' dir='ltr'>IV.</span> <span class='ocrx_word' id='word_1_306' title='bbox 972 2943 999 2991; x_wconf 90' lang='lat' dir='ltr'>ii.</span> 
     </span>
     <span class='ocr_line' id='line_1_40' title="bbox 382 3007 1046 3072; baseline -0.002 -15"><span class='ocrx_word' id='word_1_307' title='bbox 382 3008 516 3057; x_wconf 84' lang='lat' dir='ltr'>Poseimnr.</span> <span class='ocrx_word' id='word_1_308' title='bbox 550 3009 642 3072; x_wconf 83' lang='lat' dir='ltr'>Siquid</span> <span class='ocrx_word' id='word_1_309' title='bbox 654 3009 724 3056; x_wconf 83' lang='lat' dir='ltr'>vacui</span> <span class='ocrx_word' id='word_1_310' title='bbox 736 3009 782 3056; x_wconf 91' lang='lat' dir='ltr'>snb</span> <span class='ocrx_word' id='word_1_311' title='bbox 792 3009 887 3064; x_wconf 78' lang='lat' dir='ltr'>umbra,</span> <span class='ocrx_word' id='word_1_312' title='bbox 899 3007 927 3056; x_wconf 82' lang='lat' dir='ltr'>C.</span> <span class='ocrx_word' id='word_1_313' title='bbox 938 3008 961 3055; x_wconf 92' lang='grc' dir='ltr'>Ι.</span> <span class='ocrx_word' id='word_1_314' title='bbox 971 3007 1046 3059; x_wconf 80' lang='lat' dir='ltr'>mii.</span> 
     </span>
     <span class='ocr_line' id='line_1_41' title="bbox 381 3072 1044 3136; baseline -0.003 -14"><span class='ocrx_word' id='word_1_315' title='bbox 381 3074 449 3132; x_wconf 83' lang='lat' dir='ltr'>Quae</span> <span class='ocrx_word' id='word_1_316' title='bbox 460 3089 520 3122; x_wconf 88' lang='lat' dir='ltr'>cura</span> <span class='ocrx_word' id='word_1_317' title='bbox 530 3078 629 3136; x_wconf 86' lang='lat' dir='ltr'>petrum</span> <span class='ocrx_word' id='word_1_318' title='bbox 640 3089 731 3136; x_wconf 88' lang='lat' dir='ltr'>quaeve</span> <span class='ocrx_word' id='word_1_319' title='bbox 742 3072 886 3131; x_wconf 87' lang='lat' dir='ltr'>Quiritium,</span> <span class='ocrx_word' id='word_1_320' title='bbox 897 3073 925 3122; x_wconf 80' lang='lat'>0.</span> <span class='ocrx_word' id='word_1_321' title='bbox 937 3072 984 3121; x_wconf 84' lang='lat' dir='ltr'>IV.</span> <span class='ocrx_word' id='word_1_322' title='bbox 994 3073 1044 3120; x_wconf 89' lang='lat' dir='ltr'>xiv.</span> 
     </span>
     <span class='ocr_line' id='line_1_42' title="bbox 382 3137 1002 3198; baseline -0.003 -11"><span class='ocrx_word' id='word_1_323' title='bbox 382 3139 483 3198; x_wconf 83' lang='lat' dir='ltr'>Qualem</span> <span class='ocrx_word' id='word_1_324' title='bbox 495 3139 635 3187; x_wconf 87' lang='lat' dir='ltr'>ministrnm</span> <span class='ocrx_word' id='word_1_325' title='bbox 646 3138 756 3186; x_wconf 78' lang='lat' dir='ltr'>fulminis</span> <span class='ocrx_word' id='word_1_326' title='bbox 767 3138 859 3193; x_wconf 76' lang='lat' dir='ltr'>alitem,</span> <span class='ocrx_word' id='word_1_327' title='bbox 872 3138 901 3186; x_wconf 81' lang='lat' dir='ltr'>C.</span> <span class='ocrx_word' id='word_1_328' title='bbox 912 3137 958 3186; x_wconf 83' lang='lat' dir='ltr'>IV.</span> <span class='ocrx_word' id='word_1_329' title='bbox 968 3138 1002 3185; x_wconf 90' lang='lat' dir='ltr'>iv.</span> 
     </span>
    </p>

    <p class='ocr_par' dir='ltr' id='par_1_31' title="bbox 381 3200 1123 3327">
     <span class='ocr_line' id='line_1_43' title="bbox 382 3200 1123 3270; baseline -0.001 -19"><span class='ocrx_word' id='word_1_330' title='bbox 382 3203 486 3262; x_wconf 88' lang='lat' dir='ltr'>Quando</span> <span class='ocrx_word' id='word_1_331' title='bbox 496 3208 620 3266; x_wconf 86' lang='lat' dir='ltr'>repostum</span> <span class='ocrx_word' id='word_1_332' title='bbox 629 3203 767 3270; x_wconf 75' lang='lat' dir='ltr'>Caembum</span> <span class='ocrx_word' id='word_1_333' title='bbox 778 3203 810 3251; x_wconf 86' lang='lat' dir='ltr'>ud</span> <span class='ocrx_word' id='word_1_334' title='bbox 820 3203 897 3251; x_wconf 81' lang='lat' dir='ltr'>festas</span> <span class='ocrx_word' id='word_1_335' title='bbox 906 3202 987 3267; x_wconf 86' lang='lat' dir='ltr'>dapes,</span> <span class='ocrx_word' id='word_1_336' title='bbox 998 3200 1076 3266; x_wconf 74' lang='lat' dir='ltr'>Epod.</span> <span class='ocrx_word' id='word_1_337' title='bbox 1086 3200 1123 3250; x_wconf 83' lang='lat' dir='ltr'>lx.</span> 
     </span>
     <span class='ocr_line' id='line_1_44' title="bbox 381 3266 913 3327; baseline -0.002 -11"><span class='ocrx_word' id='word_1_338' title='bbox 381 3269 507 3327; x_wconf 83' lang='lat' dir='ltr'>Quantum</span> <span class='ocrx_word' id='word_1_339' title='bbox 519 3269 596 3316; x_wconf 85' lang='lat' dir='ltr'>distet</span> <span class='ocrx_word' id='word_1_340' title='bbox 605 3269 636 3316; x_wconf 90' lang='lat' dir='ltr'>ab</span> <span class='ocrx_word' id='word_1_341' title='bbox 649 3268 747 3324; x_wconf 83' lang='lat' dir='ltr'>Inacho,</span> <span class='ocrx_word' id='word_1_342' title='bbox 760 3267 788 3317; x_wconf 74' lang='lat' dir='ltr'>(l.</span> <span class='ocrx_word' id='word_1_343' title='bbox 801 3266 852 3315; x_wconf 88' lang='lat'>111.</span> <span class='ocrx_word' id='word_1_344' title='bbox 863 3268 913 3316; x_wconf 85' lang='lat' dir='ltr'>xix.</span> 
     </span>
    </p>

    <p class='ocr_par' dir='ltr' id='par_1_32' title="bbox 381 3332 918 3395">
     <span class='ocr_line' id='line_1_45' title="bbox 381 3332 918 3395; baseline -0.002 -13"><span class='ocrx_word' id='word_1_345' title='bbox 381 3334 461 3392; x_wconf 88' lang='lat' dir='ltr'>Quem</span> <span class='ocrx_word' id='word_1_346' title='bbox 472 3337 508 3390; x_wconf 82' lang='lat' dir='ltr'>tn,</span> <span class='ocrx_word' id='word_1_347' title='bbox 521 3333 679 3395; x_wconf 85' lang='lat' dir='ltr'>Melpomene,</span> <span class='ocrx_word' id='word_1_348' title='bbox 691 3332 774 3387; x_wconf 86' lang='lat' dir='ltr'>semel,</span> <span class='ocrx_word' id='word_1_349' title='bbox 786 3332 918 3381; x_wconf 86' lang='lat' dir='ltr'>c.1v.iii.</span> 
     </span>
    </p>

    <p class='ocr_par' dir='ltr' id='par_1_33' title="bbox 383 3396 1001 3460">
     <span class='ocr_line' id='line_1_46' title="bbox 383 3396 1001 3460; baseline 0 -14"><span class='ocrx_word' id='word_1_350' title='bbox 383 3398 463 3456; x_wconf 83' lang='lat' dir='ltr'>Quem</span> <span class='ocrx_word' id='word_1_351' title='bbox 470 3397 551 3446; x_wconf 92' lang='lat' dir='ltr'>virum</span> <span class='ocrx_word' id='word_1_352' title='bbox 561 3401 606 3446; x_wconf 85' lang='lat' dir='ltr'>eut</span> <span class='ocrx_word' id='word_1_353' title='bbox 617 3398 690 3446; x_wconf 87' lang='lat' dir='ltr'>heroa</span> <span class='ocrx_word' id='word_1_354' title='bbox 700 3398 753 3460; x_wconf 73' lang='lat' dir='ltr'>lyra</span> <span class='ocrx_word' id='word_1_355' title='bbox 765 3397 802 3445; x_wconf 89' lang='lat' dir='ltr'>vel</span> <span class='ocrx_word' id='word_1_356' title='bbox 814 3398 872 3454; x_wconf 83' lang='lat' dir='ltr'>aeri,</span> <span class='ocrx_word' id='word_1_357' title='bbox 884 3397 912 3446; x_wconf 83' lang='lat' dir='ltr'>O.</span> <span class='ocrx_word' id='word_1_358' title='bbox 924 3396 947 3445; x_wconf 96' lang='grc' dir='ltr'>Ι.</span> <span class='ocrx_word' id='word_1_359' title='bbox 958 3397 1001 3446; x_wconf 86' lang='lat' dir='ltr'>xii.</span> 
     </span>
    </p>

    <p class='ocr_par' dir='ltr' id='par_1_34' title="bbox 381 3461 1011 3526">
     <span class='ocr_line' id='line_1_47' title="bbox 381 3461 1011 3526; baseline -0.002 -16"><span class='ocrx_word' id='word_1_360' title='bbox 381 3463 447 3521; x_wconf 88' lang='lat' dir='ltr'>Quid</span> <span class='ocrx_word' id='word_1_361' title='bbox 458 3463 584 3512; x_wconf 89' lang='lat' dir='ltr'>bellioosus</span> <span class='ocrx_word' id='word_1_362' title='bbox 596 3462 718 3510; x_wconf 78' lang='lat' dir='ltr'>Cantaber</span> <span class='ocrx_word' id='word_1_363' title='bbox 728 3467 754 3510; x_wconf 89' lang='lat' dir='ltr'>et</span> <span class='ocrx_word' id='word_1_364' title='bbox 766 3463 877 3526; x_wconf 78' lang='lat' dir='ltr'>Scythes,</span> <span class='ocrx_word' id='word_1_365' title='bbox 889 3461 918 3510; x_wconf 87' lang='lat' dir='ltr'>C.</span> <span class='ocrx_word' id='word_1_366' title='bbox 929 3461 967 3510; x_wconf 90' lang='lat'>11.</span> <span class='ocrx_word' id='word_1_367' title='bbox 977 3462 1011 3509; x_wconf 90' lang='lat' dir='ltr'>xi.</span> 
     </span>
    </p>

    <p class='ocr_par' dir='ltr' id='par_1_35' title="bbox 381 3526 996 3590">
     <span class='ocr_line' id='line_1_48' title="bbox 381 3526 996 3590; baseline -0.002 -15"><span class='ocrx_word' id='word_1_368' title='bbox 381 3528 447 3587; x_wconf 92' lang='lat' dir='ltr'>Quid</span> <span class='ocrx_word' id='word_1_369' title='bbox 457 3528 596 3576; x_wconf 84' lang='lat' dir='ltr'>dedicatum</span> <span class='ocrx_word' id='word_1_370' title='bbox 608 3527 687 3590; x_wconf 84' lang='lat' dir='ltr'>poscit</span> <span class='ocrx_word' id='word_1_371' title='bbox 697 3527 844 3588; x_wconf 79' lang='lat' dir='ltr'>Apollinem,</span> <span class='ocrx_word' id='word_1_372' title='bbox 856 3526 885 3574; x_wconf 86' lang='lat' dir='ltr'>C.</span> <span class='ocrx_word' id='word_1_373' title='bbox 897 3526 918 3575; x_wconf 88' lang='grc' dir='ltr'><strong>Ι.</strong></span> <span class='ocrx_word' id='word_1_374' title='bbox 930 3528 996 3575; x_wconf 88' lang='lat' dir='ltr'>xxxi.</span> 
     </span>
    </p>

    <p class='ocr_par' dir='ltr' id='par_1_36' title="bbox 380 3591 1039 3655">
     <span class='ocr_line' id='line_1_49' title="bbox 380 3591 1039 3655; baseline -0.003 -15"><span class='ocrx_word' id='word_1_375' title='bbox 380 3593 446 3651; x_wconf 91' lang='lat' dir='ltr'>Quid</span> <span class='ocrx_word' id='word_1_376' title='bbox 457 3593 508 3648; x_wconf 88' lang='lat' dir='ltr'>fles,</span> <span class='ocrx_word' id='word_1_377' title='bbox 519 3592 622 3648; x_wconf 75' lang='lat' dir='ltr'>Asterie,</span> <span class='ocrx_word' id='word_1_378' title='bbox 634 3607 705 3655; x_wconf 89' lang='lat' dir='ltr'>quem</span> <span class='ocrx_word' id='word_1_379' title='bbox 717 3592 765 3640; x_wconf 84' lang='lat' dir='ltr'>tibi</span> <span class='ocrx_word' id='word_1_380' title='bbox 775 3591 881 3647; x_wconf 73' lang='lat' dir='ltr'>sordidi,</span> <span class='ocrx_word' id='word_1_381' title='bbox 893 3591 921 3639; x_wconf 81' lang='lat' dir='ltr'>C.</span> <span class='ocrx_word' id='word_1_382' title='bbox 934 3591 986 3639; x_wconf 86' lang='lat'>111.</span> <span class='ocrx_word' id='word_1_383' title='bbox 997 3591 1039 3639; x_wconf 88' lang='lat' dir='ltr'>vii.</span> 
     </span>
    </p>

    <p class='ocr_par' dir='ltr' id='par_1_37' title="bbox 382 3655 1036 3719">
     <span class='ocr_line' id='line_1_50' title="bbox 382 3655 1036 3719; baseline -0.002 -15"><span class='ocrx_word' id='word_1_384' title='bbox 382 3657 448 3716; x_wconf 89' lang='lat' dir='ltr'>Quid</span> <span class='ocrx_word' id='word_1_385' title='bbox 459 3656 613 3706; x_wconf 71' lang='lat' dir='ltr'>immerentes</span> <span class='ocrx_word' id='word_1_386' title='bbox 624 3657 731 3719; x_wconf 73' lang='lat' dir='ltr'>hospites</span> <span class='ocrx_word' id='word_1_387' title='bbox 743 3671 816 3704; x_wconf 83' lang='lat' dir='ltr'>vexas</span> <span class='ocrx_word' id='word_1_388' title='bbox 826 3657 903 3713; x_wconf 84' lang='lat' dir='ltr'>oanis,</span> <span class='ocrx_word' id='word_1_389' title='bbox 914 3655 992 3718; x_wconf 83' lang='lat' dir='ltr'>Epod.</span> <span class='ocrx_word' id='word_1_390' title='bbox 1004 3657 1036 3703; x_wconf 85' lang='lat' dir='ltr'>vi.</span> 
     </span>
    </p>

    <p class='ocr_par' dir='ltr' id='par_1_38' title="bbox 381 3718 1142 3853">
     <span class='ocr_line' id='line_1_51' title="bbox 381 3718 1142 3784; baseline 0.001 -15"><span class='ocrx_word' id='word_1_391' title='bbox 381 3721 447 3780; x_wconf 91' lang='lat' dir='ltr'>Quid</span> <span class='ocrx_word' id='word_1_392' title='bbox 458 3722 503 3770; x_wconf 87' lang='lat' dir='ltr'>tibi</span> <span class='ocrx_word' id='word_1_393' title='bbox 515 3723 559 3777; x_wconf 89' lang='lat' dir='ltr'>vis,</span> <span class='ocrx_word' id='word_1_394' title='bbox 570 3721 659 3769; x_wconf 91' lang='lat' dir='ltr'>mulier</span> <span class='ocrx_word' id='word_1_395' title='bbox 669 3721 746 3784; x_wconf 79' lang='lat' dir='ltr'>nigris</span> <span class='ocrx_word' id='word_1_396' title='bbox 757 3721 901 3783; x_wconf 77' lang='lat' dir='ltr'>dignissima</span> <span class='ocrx_word' id='word_1_397' title='bbox 911 3722 997 3776; x_wconf 82' lang='lat' dir='ltr'>burris,</span> <span class='ocrx_word' id='word_1_398' title='bbox 1010 3720 1087 3784; x_wconf 77' lang='lat' dir='ltr'>Epod.</span> <span class='ocrx_word' id='word_1_399' title='bbox 1098 3718 1142 3770; x_wconf 85' lang='lat' dir='ltr'>xii.</span> 
     </span>
     <span class='ocr_line' id='line_1_52' title="bbox 381 3785 1015 3853; baseline -0.002 -19"><span class='ocrx_word' id='word_1_400' title='bbox 381 3787 442 3845; x_wconf 91' lang='lat' dir='ltr'>Quis</span> <span class='ocrx_word' id='word_1_401' title='bbox 453 3786 571 3853; x_wconf 86' lang='lat' dir='ltr'>desiderio</span> <span class='ocrx_word' id='word_1_402' title='bbox 581 3787 615 3834; x_wconf 89' lang='lat' dir='ltr'>sit</span> <span class='ocrx_word' id='word_1_403' title='bbox 625 3786 703 3849; x_wconf 89' lang='lat' dir='ltr'>pudor</span> <span class='ocrx_word' id='word_1_404' title='bbox 713 3789 758 3834; x_wconf 82' lang='lat' dir='ltr'>aut</span> <span class='ocrx_word' id='word_1_405' title='bbox 768 3786 864 3844; x_wconf 89' lang='lat' dir='ltr'>modus,</span> <span class='ocrx_word' id='word_1_406' title='bbox 875 3787 904 3834; x_wconf 85' lang='lat' dir='ltr'>C.</span> <span class='ocrx_word' id='word_1_407' title='bbox 916 3785 937 3834; x_wconf 90' lang='lat'>1.</span> <span class='ocrx_word' id='word_1_408' title='bbox 950 3786 1015 3834; x_wconf 86' lang='lat' dir='ltr'>xxiv.</span> 
     </span>
    </p>

    <p class='ocr_par' dir='ltr' id='par_1_39' title="bbox 381 3850 969 3913">
     <span class='ocr_line' id='line_1_53' title="bbox 381 3850 969 3913; baseline -0.002 -14"><span class='ocrx_word' id='word_1_409' title='bbox 381 3850 442 3909; x_wconf 90' lang='lat' dir='ltr'>Quis</span> <span class='ocrx_word' id='word_1_410' title='bbox 453 3851 531 3900; x_wconf 83' lang='lat' dir='ltr'>multu</span> <span class='ocrx_word' id='word_1_411' title='bbox 541 3851 640 3913; x_wconf 77' lang='lat' dir='ltr'>gracilis</span> <span class='ocrx_word' id='word_1_412' title='bbox 651 3856 676 3900; x_wconf 84' lang='lat' dir='ltr'>te</span> <span class='ocrx_word' id='word_1_413' title='bbox 687 3866 747 3913; x_wconf 92' lang='lat' dir='ltr'>puer</span> <span class='ocrx_word' id='word_1_414' title='bbox 757 3850 783 3898; x_wconf 89' lang='lat' dir='ltr'>in</span> <span class='ocrx_word' id='word_1_415' title='bbox 794 3865 857 3906; x_wconf 88' lang='lat' dir='ltr'>rosa,</span> <span class='ocrx_word' id='word_1_416' title='bbox 869 3851 898 3900; x_wconf 87' lang='lat' dir='ltr'>C.</span> <span class='ocrx_word' id='word_1_417' title='bbox 910 3850 933 3898; x_wconf 93' lang='grc' dir='ltr'>Ι.</span> <span class='ocrx_word' id='word_1_418' title='bbox 942 3866 969 3899; x_wconf 94' lang='lat' dir='ltr'>v.</span> 
     </span>
    </p>

    <p class='ocr_par' dir='ltr' id='par_1_40' title="bbox 381 3915 916 3980">
     <span class='ocr_line' id='line_1_54' title="bbox 381 3915 916 3980; baseline -0.002 -16"><span class='ocrx_word' id='word_1_419' title='bbox 381 3917 437 3975; x_wconf 92' lang='lat' dir='ltr'>Quo</span> <span class='ocrx_word' id='word_1_420' title='bbox 447 3932 493 3972; x_wconf 84' lang='lat' dir='ltr'>me,</span> <span class='ocrx_word' id='word_1_421' title='bbox 506 3916 610 3971; x_wconf 83' lang='lat' dir='ltr'>Bocche,</span> <span class='ocrx_word' id='word_1_422' title='bbox 621 3917 686 3980; x_wconf 85' lang='lat' dir='ltr'>rapis</span> <span class='ocrx_word' id='word_1_423' title='bbox 697 3916 743 3972; x_wconf 89' lang='lat' dir='ltr'>tui,</span> <span class='ocrx_word' id='word_1_424' title='bbox 756 3915 785 3964; x_wconf 85' lang='lat' dir='ltr'>C.</span> <span class='ocrx_word' id='word_1_425' title='bbox 796 3915 847 3964; x_wconf 91' lang='lat'>111.</span> <span class='ocrx_word' id='word_1_426' title='bbox 858 3931 916 3963; x_wconf 90' lang='lat' dir='ltr'>xxv.</span> 
     </span>
    </p>

    <p class='ocr_par' dir='ltr' id='par_1_41' title="bbox 381 3978 1098 4109">
     <span class='ocr_line' id='line_1_55' title="bbox 381 3978 1098 4045; baseline 0.001 -17"><span class='ocrx_word' id='word_1_427' title='bbox 381 3981 443 4040; x_wconf 88' lang='lat' dir='ltr'>Quo,</span> <span class='ocrx_word' id='word_1_428' title='bbox 454 3996 503 4045; x_wconf 89' lang='lat' dir='ltr'>quo</span> <span class='ocrx_word' id='word_1_429' title='bbox 513 3982 608 4030; x_wconf 75' lang='lat' dir='ltr'>scelesti</span> <span class='ocrx_word' id='word_1_430' title='bbox 618 3981 711 4029; x_wconf 80' lang='lat' dir='ltr'>ruitis?</span> <span class='ocrx_word' id='word_1_431' title='bbox 728 3985 773 4029; x_wconf 89' lang='lat' dir='ltr'>aut</span> <span class='ocrx_word' id='word_1_432' title='bbox 784 3995 829 4028; x_wconf 88' lang='lat' dir='ltr'>our</span> <span class='ocrx_word' id='word_1_433' title='bbox 839 3978 953 4037; x_wconf 77' lang='lat' dir='ltr'>dexteris,</span> <span class='ocrx_word' id='word_1_434' title='bbox 966 3979 1044 4043; x_wconf 79' lang='lat' dir='ltr'>llpod</span> <span class='ocrx_word' id='word_1_435' title='bbox 1054 3978 1098 4029; x_wconf 83' lang='lat' dir='ltr'>vii.</span> 
     </span>
     <span class='ocr_line' id='line_1_56' title="bbox 381 4044 978 4109; baseline -0.003 -15"><span class='ocrx_word' id='word_1_436' title='bbox 381 4046 482 4094; x_wconf 81' lang='lat' dir='ltr'>Rectius</span> <span class='ocrx_word' id='word_1_437' title='bbox 492 4046 568 4102; x_wconf 88' lang='lat' dir='ltr'>vives,</span> <span class='ocrx_word' id='word_1_438' title='bbox 579 4045 668 4102; x_wconf 78' lang='lat' dir='ltr'>Licini,</span> <span class='ocrx_word' id='word_1_439' title='bbox 678 4059 757 4109; x_wconf 87' lang='lat' dir='ltr'>neque</span> <span class='ocrx_word' id='word_1_440' title='bbox 766 4045 852 4100; x_wconf 84' lang='lat' dir='ltr'>altum,</span> <span class='ocrx_word' id='word_1_441' title='bbox 865 4044 893 4093; x_wconf 85' lang='lat' dir='ltr'>C.</span> <span class='ocrx_word' id='word_1_442' title='bbox 904 4044 943 4092; x_wconf 93' lang='grc' dir='ltr'><strong>ΙΙ.</strong></span> <span class='ocrx_word' id='word_1_443' title='bbox 952 4060 978 4093; x_wconf 89' lang='lat' dir='ltr'>x.</span> 
     </span>
    </p>

    <p class='ocr_par' dir='ltr' id='par_1_42' title="bbox 381 4109 985 4174">
     <span class='ocr_line' id='line_1_57' title="bbox 381 4109 985 4174; baseline -0.005 -14"><span class='ocrx_word' id='word_1_444' title='bbox 381 4111 477 4174; x_wconf 81' lang='lat' dir='ltr'>Rogare</span> <span class='ocrx_word' id='word_1_445' title='bbox 487 4110 561 4174; x_wconf 78' lang='lat' dir='ltr'>longo</span> <span class='ocrx_word' id='word_1_446' title='bbox 572 4111 684 4173; x_wconf 83' lang='lat' dir='ltr'>putidam</span> <span class='ocrx_word' id='word_1_447' title='bbox 694 4115 721 4159; x_wconf 85' lang='lat' dir='ltr'>te</span> <span class='ocrx_word' id='word_1_448' title='bbox 731 4110 834 4168; x_wconf 84' lang='lat' dir='ltr'>saeoulo,</span> <span class='ocrx_word' id='word_1_449' title='bbox 846 4109 923 4173; x_wconf 79' lang='lat' dir='ltr'>Epod.</span> <span class='ocrx_word' id='word_1_450' title='bbox 933 4109 985 4158; x_wconf 87' lang='lat' dir='ltr'>viii.</span> 
     </span>
    </p>

    <p class='ocr_par' dir='ltr' id='par_1_43' title="bbox 381 4173 947 4231">
     <span class='ocr_line' id='line_1_58' title="bbox 381 4173 947 4231; baseline -0.005 -6"><span class='ocrx_word' id='word_1_451' title='bbox 381 4175 499 4226; x_wconf 80' lang='lat' dir='ltr'>Scriberis</span> <span class='ocrx_word' id='word_1_452' title='bbox 510 4175 584 4223; x_wconf 86' lang='lat' dir='ltr'>Vsrio</span> <span class='ocrx_word' id='word_1_453' title='bbox 594 4174 666 4224; x_wconf 80' lang='lat' dir='ltr'>fortis</span> <span class='ocrx_word' id='word_1_454' title='bbox 676 4181 702 4224; x_wconf 87' lang='lat' dir='ltr'>et</span> <span class='ocrx_word' id='word_1_455' title='bbox 712 4173 828 4231; x_wconf 84' lang='lat' dir='ltr'>hostium,</span> <span class='ocrx_word' id='word_1_456' title='bbox 840 4173 868 4223; x_wconf 82' lang='lat' dir='ltr'>O.</span> <span class='ocrx_word' id='word_1_457' title='bbox 880 4173 902 4223; x_wconf 87' lang='lat' dir='ltr'><strong>L</strong></span> <span class='ocrx_word' id='word_1_458' title='bbox 912 4175 947 4222; x_wconf 89' lang='lat' dir='ltr'>vi.</span> 
     </span>
    </p>

    <p class='ocr_par' dir='ltr' id='par_1_44' title="bbox 383 4238 977 4303">
     <span class='ocr_line' id='line_1_59' title="bbox 383 4238 977 4303; baseline -0.003 -13"><span class='ocrx_word' id='word_1_459' title='bbox 383 4240 494 4303; x_wconf 88' lang='lat' dir='ltr'>Septimi,</span> <span class='ocrx_word' id='word_1_460' title='bbox 506 4240 585 4289; x_wconf 84' lang='lat' dir='ltr'>Gades</span> <span class='ocrx_word' id='word_1_461' title='bbox 596 4241 693 4288; x_wconf 89' lang='lat' dir='ltr'>aditure</span> <span class='ocrx_word' id='word_1_462' title='bbox 702 4255 800 4288; x_wconf 85' lang='lat' dir='ltr'>meeum</span> <span class='ocrx_word' id='word_1_463' title='bbox 809 4247 844 4297; x_wconf 84' lang='lat' dir='ltr'>et,</span> <span class='ocrx_word' id='word_1_464' title='bbox 855 4238 884 4288; x_wconf 81' lang='lat' dir='ltr'>O.</span> <span class='ocrx_word' id='word_1_465' title='bbox 895 4239 932 4288; x_wconf 91' lang='lat'>11.</span> <span class='ocrx_word' id='word_1_466' title='bbox 942 4238 977 4288; x_wconf 87' lang='lat' dir='ltr'>vi.</span> 
     </span>
    </p>

    <p class='ocr_par' dir='ltr' id='par_1_45' title="bbox 382 4304 837 4370">
     <span class='ocr_line' id='line_1_60' title="bbox 382 4304 837 4370; baseline -0.004 -16"><span class='ocrx_word' id='word_1_467' title='bbox 382 4306 423 4354; x_wconf 87' lang='lat' dir='ltr'>Sio</span> <span class='ocrx_word' id='word_1_468' title='bbox 433 4311 458 4352; x_wconf 81' lang='lat' dir='ltr'>ie</span> <span class='ocrx_word' id='word_1_469' title='bbox 469 4305 526 4354; x_wconf 85' lang='lat' dir='ltr'>diva</span> <span class='ocrx_word' id='word_1_470' title='bbox 536 4309 622 4368; x_wconf 87' lang='lat' dir='ltr'>potens</span> <span class='ocrx_word' id='word_1_471' title='bbox 632 4305 715 4370; x_wconf 79' lang='lat' dir='ltr'>Cypri,</span> <span class='ocrx_word' id='word_1_472' title='bbox 727 4304 756 4353; x_wconf 86' lang='lat' dir='ltr'>C.</span> <span class='ocrx_word' id='word_1_473' title='bbox 767 4304 789 4352; x_wconf 94' lang='lat' dir='ltr'>I.</span> <span class='ocrx_word' id='word_1_474' title='bbox 800 4304 837 4353; x_wconf 84' lang='lat' dir='ltr'>iii.</span> 
     </span>
    </p>

    <p class='ocr_par' dir='ltr' id='par_1_46' title="bbox 379 4366 1201 4622">
     <span class='ocr_line' id='line_1_61' title="bbox 381 4366 1137 4432; baseline 0 -15"><span class='ocrx_word' id='word_1_475' title='bbox 381 4370 491 4417; x_wconf 83' lang='lat' dir='ltr'>Solvitur</span> <span class='ocrx_word' id='word_1_476' title='bbox 500 4369 562 4416; x_wconf 84' lang='lat' dir='ltr'>acris</span> <span class='ocrx_word' id='word_1_477' title='bbox 573 4369 650 4417; x_wconf 88' lang='lat' dir='ltr'>hiems</span> <span class='ocrx_word' id='word_1_478' title='bbox 660 4374 731 4432; x_wconf 78' lang='lat' dir='ltr'>gratu</span> <span class='ocrx_word' id='word_1_479' title='bbox 742 4366 797 4417; x_wconf 86' lang='lat' dir='ltr'>vioe</span> <span class='ocrx_word' id='word_1_480' title='bbox 807 4369 871 4417; x_wconf 87' lang='lat' dir='ltr'>veris</span> <span class='ocrx_word' id='word_1_481' title='bbox 881 4375 907 4417; x_wconf 85' lang='lat' dir='ltr'>et</span> <span class='ocrx_word' id='word_1_482' title='bbox 919 4368 1018 4426; x_wconf 82' lang='lat' dir='ltr'>Favoni,</span> <span class='ocrx_word' id='word_1_483' title='bbox 1030 4367 1058 4417; x_wconf 83' lang='grc'><strong>0.</strong></span> <span class='ocrx_word' id='word_1_484' title='bbox 1070 4367 1137 4419; x_wconf 82' lang='lat' dir='ltr'>Liv.</span> 
     </span>
     <span class='ocr_line' id='line_1_62' title="bbox 381 4432 1175 4495; baseline 0.004 -16"><span class='ocrx_word' id='word_1_485' title='bbox 381 4433 415 4480; x_wconf 76' lang='lat' dir='ltr'>&#39;le</span> <span class='ocrx_word' id='word_1_486' title='bbox 427 4432 501 4479; x_wconf 86' lang='lat' dir='ltr'>maris</span> <span class='ocrx_word' id='word_1_487' title='bbox 511 4437 536 4480; x_wconf 84' lang='lat' dir='ltr'>et</span> <span class='ocrx_word' id='word_1_488' title='bbox 547 4437 626 4480; x_wconf 77' lang='lat' dir='ltr'>teu-ae</span> <span class='ocrx_word' id='word_1_489' title='bbox 636 4449 784 4495; x_wconf 86' lang='lat' dir='ltr'>numeroque</span> <span class='ocrx_word' id='word_1_490' title='bbox 795 4435 901 4482; x_wconf 78' lang='lat' dir='ltr'>nerontis</span> <span class='ocrx_word' id='word_1_491' title='bbox 910 4449 1004 4490; x_wconf 70' lang='lat' dir='ltr'>mnae</span> <span class='ocrx_word' id='word_1_492' title='bbox 1017 4433 1046 4482; x_wconf 87' lang='lat' dir='ltr'>C.</span> <span class='ocrx_word' id='word_1_493' title='bbox 1057 4433 1079 4481; x_wconf 93' lang='grc' dir='ltr'><strong>Ι.</strong></span> <span class='ocrx_word' id='word_1_494' title='bbox 1090 4432 1175 4482; x_wconf 86' lang='lat' dir='ltr'>xxviii.</span> 
     </span>
     <span class='ocr_line' id='line_1_63' title="bbox 380 4495 1201 4560; baseline 0.006 -19"><span class='ocrx_word' id='word_1_495' title='bbox 380 4495 418 4541; x_wconf 79' lang='lat' dir='ltr'>&#39;lu</span> <span class='ocrx_word' id='word_1_496' title='bbox 428 4509 459 4542; x_wconf 91' lang='lat' dir='ltr'>ue</span> <span class='ocrx_word' id='word_1_497' title='bbox 469 4495 606 4555; x_wconf 86' lang='lat' dir='ltr'>quaesieris,</span> <span class='ocrx_word' id='word_1_498' title='bbox 618 4497 680 4544; x_wconf 86' lang='lat' dir='ltr'>seire</span> <span class='ocrx_word' id='word_1_499' title='bbox 691 4498 766 4553; x_wconf 80' lang='lat' dir='ltr'>nefas,</span> <span class='ocrx_word' id='word_1_500' title='bbox 778 4513 852 4560; x_wconf 89' lang='lat' dir='ltr'>quem</span> <span class='ocrx_word' id='word_1_501' title='bbox 862 4499 932 4554; x_wconf 83' lang='lat' dir='ltr'>milri,</span> <span class='ocrx_word' id='word_1_502' title='bbox 943 4513 1016 4560; x_wconf 87' lang='lat' dir='ltr'>quem</span> <span class='ocrx_word' id='word_1_503' title='bbox 1026 4498 1081 4558; x_wconf 87' lang='lat' dir='ltr'>tibi,</span> <span class='ocrx_word' id='word_1_504' title='bbox 1092 4497 1121 4546; x_wconf 82' lang='grc'><strong>0.</strong></span> <span class='ocrx_word' id='word_1_505' title='bbox 1133 4497 1156 4546; x_wconf 93' lang='grc' dir='ltr'><strong>Ι.</strong></span> <span class='ocrx_word' id='word_1_506' title='bbox 1165 4495 1201 4546; x_wconf 86' lang='lat' dir='ltr'>xl.</span> 
     </span>
     <span class='ocr_line' id='line_1_64' title="bbox 379 4555 995 4622; baseline 0.013 -20"><span class='ocrx_word' id='word_1_507' title='bbox 379 4555 505 4618; x_wconf 78' lang='lat' dir='ltr'>Tyrrhsrm</span> <span class='ocrx_word' id='word_1_508' title='bbox 515 4572 602 4620; x_wconf 79' lang='lat' dir='ltr'>regum</span> <span class='ocrx_word' id='word_1_509' title='bbox 612 4561 747 4622; x_wconf 77' lang='lat' dir='ltr'>progenies,</span> <span class='ocrx_word' id='word_1_510' title='bbox 758 4561 814 4617; x_wconf 85' lang='lat' dir='ltr'>tibi,</span> <span class='ocrx_word' id='word_1_511' title='bbox 825 4562 854 4610; x_wconf 82' lang='lat'>0.</span> <span class='ocrx_word' id='word_1_512' title='bbox 865 4562 919 4611; x_wconf 88' lang='grc' dir='ltr'><strong>ΙΙΙ.</strong></span> <span class='ocrx_word' id='word_1_513' title='bbox 930 4563 995 4611; x_wconf 84' lang='lat' dir='ltr'>xxix.</span> 
     </span>
    </p>
   </div>
   <div class='ocr_carea' id='block_1_4' title="bbox 0 0 1508 4984">
    <p class='ocr_par' dir='ltr' id='par_1_47' title="bbox 0 0 1508 4984">
     <span class='ocr_line' id='line_1_65' title="bbox 0 0 1508 4984; baseline 0 0"><span class='ocrx_word' id='word_1_514' title='bbox 0 0 1508 4984; x_wconf 95' lang='lat' dir='ltr'> </span> 
     </span>
    </p>
   </div>
  </div>
 </body>
</html>
