3000 4984
515 405 601 471 ΑΗΒ
623 405 828 472 POE'lIOA.

113 575 168 642 Sic
183 577 262 641 mihi
277 575 331 662 qui
347 576 485 642 multum
500 583 601 642 cessat
614 576 653 642 iit
667 575 832 642 Choerilus
845 575 909 656 ille,

113 675 221 740 Quem
235 675 284 740 bis
298 682 386 742 terve
399 676 519 741 bonum
533 699 606 741 cum
620 675 687 741 risu
700 675 800 741 miror
807 702 818 755 ς
839 681 873 741 et
886 675 971 740 idem

112 773 271 858 Indignor
284 774 470 858 quandoque
485 773 586 839 bonus
600 774 757 839 dormitat
772 774 950 853 Homerus3

112 871 235 936 Verum
250 873 336 956 operi
349 871 446 959 longo
460 872 509 937 fas
523 877 573 937 est
587 871 734 956 obrepere
749 893 908 937 somnum.

114 969 167 1034 Ut
180 969 304 1053 pictura
317 971 438 1055 poe'sisr
460 970 521 1035 erit
535 993 615 1055 quae
629 971 657 1034 si
671 970 800 1055 propius
814 974 879 1036 stes

111 1067 159 1132 ue
173 1067 279 1152 capiat
292 1069 407 1152 magis,
422 1075 455 1134 et
469 1067 624 1153 quaedem
638 1068 666 1133 si
679 1068 809 1152 longius
822 1067 937 1133 obstes.

114 1165 206 1230 Haec
220 1172 307 1230 amat
321 1167 501 1245 obscurum,
519 1166 604 1231 volet
618 1166 694 1231 haec
708 1166 769 1230 sub
782 1165 854 1231 luce
867 1164 978 1246 videri,

112 1264 136 1327 J
136 1262 239 1328 udicis
253 1267 405 1348 argutum
420 1287 500 1348 quae
515 1287 579 1329 non
593 1263 744 1328 formidat
758 1284 912 1341 acumen3

113 1362 204 1426 Haeo
218 1359 338 1445 placuit
352 1362 459 1442 semel,
474 1362 550 1427 haec
564 1361 666 1427 decies
681 1361 816 1446 repetita
829 1359 977 1445 placebit.

112 1459 144 1524 Ο
158 1460 260 1543 major
267 1459 434 1542 juvenum,
448 1460 593 1544 quamvis
607 1465 642 1525 et
654 1481 731 1524 voce
743 1464 877 1550 paterna

114 1557 260 1642 dirigeris
274 1558 314 1622 ad
328 1562 450 1622 rectum
464 1563 499 1623 et
512 1580 569 1642 per
582 1563 614 1623 te
629 1556 724 1642 sapis,
737 1557 797 1643 hoe
810 1556 873 1621 tibi
886 1555 1009 1621 dietum

111 1653 200 1719 'Polle
214 1676 344 1733 memor,
358 1655 452 1720 certis
466 1655 605 1720 medium
619 1661 653 1720 et
665 1653 830 1720 tolerabile
843 1653 938 1718 rebus

111 1754 212 1818 Recte
226 1753 363 1818 concedi.
408 1753 585 1818 Consultus
594 1753 678 1838 juris
692 1758 726 1818 et
739 1758 828 1817 actor

111 1851 289 1916 Causarum
303 1851 466 1916 mediocris
480 1852 569 1917 abest
582 1851 703 1917 virtute
716 1849 828 1916 diserti

111 1949 281 2014 Messallae
294 1970 352 2013 nec
366 1949 428 2014 soit
441 1955 597 2036 quantum
612 1949 783 2015 Cascellius
796 1949 908 2028 Aulus,

113 2047 178 2112 Sed
192 2048 348 2116 tamenin
362 2048 464 2132 pretio
479 2053 546 2113 est:
569 2046 781 2112 mediocribus
794 2069 860 2112 esse
873 2046 976 2131 politis

111 2145 190 2211 Non
203 2145 356 2225 homines,
372 2167 436 2211 non
450 2145 494 2226 di,
509 2168 574 2211 non
588 2167 765 2210 concessere
779 2144 952 2210 columnae.

113 2245 165 2309 Ut
178 2251 287 2330 gratas
302 2243 385 2308 inter
400 2266 523 2309 mensas
538 2243 725 2330 symphonia
739 2243 858 2307 discors

111 2343 158 2406 Et
170 2363 308 2407 crassum
322 2347 525 2426 unguentum
540 2347 573 2407 et
590 2341 687 2406 Sardo
702 2362 776 2406 cum
790 2340 883 2405 melle
895 2362 1033 2425 papaver

112 2439 299 2518 Offendunt,
312 2445 437 2524 poterat
451 2441 524 2504 duci
539 2438 615 2525 quia
628 2461 725 2504 coena
739 2437 807 2502 sine
820 2437 910 2502 istis:

113 2539 168 2603 Sio
181 2539 296 2603 animis
310 2544 423 2603 natum
436 2538 667 2624 inventumque
680 2541 794 2622 polima
803 2536 965 2622 juvandis,

112 2636 149 2701 Si
163 2637 292 2721 paulum
307 2659 432 2701 summo
446 2637 588 2716 decessit,
602 2636 709 2721 vergit
722 2635 763 2700 od
777 2635 890 2700 imum.

113 2735 236 2800 Ludere
251 2733 305 2819 qui
318 2734 420 2800 nescit
434 2733 663 2818 campestribus
677 2733 816 2799 abstinet
830 2733 937 2812 armis,

111 2831 325 2916 Indoctusque
338 2831 420 2916 pilae
434 2831 552 2896 discive
565 2830 708 2896 trochive
722 2830 865 2918 quiescit,

111 2931 166 2995 Ne
178 2929 295 3014 spissae
310 2929 411 2994 risum
424 2929 541 2994 tollant
554 2929 685 3014 impune
699 2950 847 2994 coronae:

113 3029 181 3094 Qui
193 3028 296 3093 nescit
309 3049 418 3092 versus
432 3033 540 3093 tamen
554 3029 650 3093 audet
662 3027 792 3112 fingere.
837 3026 985 3092 Quidni?

112 3125 211 3192 Idber
224 3131 258 3191 et
270 3125 441 3210 ingenuus,
455 3124 639 3210 praesertim
653 3147 765 3190 census
777 3129 956 3210 equestrem

100 3348 208 3414 357.)ὶὶ
220 3348 415 3415 Ολοοήὶωίῑὶο]
440 3349 486 3400 See
501 3349 564 3414 Epp.
582 3350 644 3399 ul.
683 3346 951 3398 mmesareiuvsrted.
984 3345 1202 3398 escham.

66 3418 153 3466 aaln.
186 3412 207 3479 [⁴
217 3414 284 3464 Thus
301 3415 327 3463 in
341 3430 382 3478 my
394 3415 525 3477 'udgmsnt
541 3415 573 3464 he
589 3414 645 3463 who
715 3413 773 3465 373.
794 3427 847 3462 sos
863 3427 1006 3462 cocceam
1027 3413 1168 3477 columma]
1194 3412 1262 3461 'l'hat

66 3479 323 3531 osteumbeoomes
332 3431 437 3529 another
447 3479 605 3544 Choerilus.’]
683 3477 935 3536 iathebooksellers’
952 3476 1032 3527 stalla.
1063 3477 1109 3526 See
1122 3479 1148 3526 S.
1163 3477 1261 3529 2471

102 3543 174 3610 [359.
185 3544 344 3609 modoque]
356 3543 645 3608 Equivalsntto‘quan·
683 3558 717 3600 a„
739 3543 789 3592 aud
810 3542 1012 3606 Epp.i.19.1.
1056 3540 1260 3607 [‘Oouoessore=⁸

67 3609 215 3674 docunque!
247 3607 476 3675 acediosae]
684 3623 797 3671 compsre
808 3607 873 3672 lipp.
882 3607 900 3656 i.
909 3609 934 3656 3.
945 3606 1146 3672 48‚‘deduxit.']

101 3675 159 3724 366.
186 3674 312 3740 Omjor
325 3673 466 3786 μοικαὶ
485 3674 568 3724 Acron
589 3687 646 3738 says
715 3673 774 3724 375.
790 3670 1038 3736 Sardoummlie]
1063 3671 1194 3721 Surdinlan
1211 3671 1261 3720 aud

66 3741 108 3790 his
124 3754 197 3788 name
209 3753 258 3788 was
274 3737 373 3796 liumus,
384 3739 448 3787 whic
484 3753 512 3788 so
524 3739 563 3788 far
580 3753 608 3788 aa
623 3739 646 3787 it
683 3737 798 3788 Corsican
814 3737 908 3801 houeys
924 3752 940 3785 a
1031 3741 1060 3786 tc
1076 3736 1139 3786 hare
1155 3736 1218 3786 been
1236 3738 1265 3785 os

67 3821 127 3870 goes
145 3805 166 3852 is
184 3803 283 3867 agnina
298 3804 384 3853 onoof
398 3803 442 3852 tho
453 3804 560 3853 theorice
576 3817 645 3852 men-
683 3802 785 3852 inferior
799 3803 902 3867 quality.
998 3801 1024 3850 8.
1041 3801 1067 3852 ii.
1085 3803 1109 3850 3.
1126 3801 1158 3851 15
1174 3815 1201 3850 u.
1235 3801 1261 3850 lt

66 3869 155 3920 tioned
172 3869 200 3917 in
215 3869 259 3917 the
275 3868 454 3918 Introduction.
487 3867 567 3918 'Ihers
582 3883 646 3919 were
683 3882 786 3930 appears
809 3865 969 3931 poppysma
989 3865 1088 3916 roested
1108 3866 1159 3915 and
1179 3864 1261 3915 mixed

67 3939 119 3985 two
129 3948 195 3991 sons,
213 3933 262 3982 aud
277 3932 338 3982 both
357 3934 470 3997 ‘juvenes
475 3932 494 3992 ς’
507 3933 567 3983 both
577 3938 646 3983 must
684 3933 746 3981 with
757 3932 838 3997 honey
848 3946 912 3981 were
927 3930 1013 3980 sarred
1029 3930 1056 3980 in
1066 3931 1134 3996 early
1145 3931 1218 3980 times
1233 3937 1261 3979 al

66 3997 462 4061 havetolrenthe‘togaririlis’
684 3997 728 4046 the
753 3997 841 4047 second
864 4011 957 4046 course.
994 3995 1078 4061 (Pliny
1095 3997 1146 4045 xix.
1164 3997 1189 4046 8.
1206 3995 1259 4059 63.)

102 4063 173 4128 [368.
188 4063 258 4112 sala
268 4063 373 4128 memor]
392 4063 645 4113 ‘Takesndromsm
685 4060 804 4127 [‘Dnci='
822 4057 988 4124 ‘prolongem’
1019 4060 1083 4124 app
1096 4059 1242 4124 iiam]

66 4129 128 4179 ber)
162 4127 646 4192 SeeEpp.i.18.12,andRi1⁰.5l,
717 4129 774 4177 380.
813 4127 818 4140 “
867 4125 1088 4190 musmones]
1103 4125 1259 4176 assita

66 4191 310 4258 udaiaus]
683 4192 736 4243 aa
770 4197 778 4220 ‘
821 4190 1022 4240 ronae’arethe
1039 4189 1259 4260 orowdsohpeo·

100 4260 159 4309 369.
185 4258 317 4307 Consum
333 4257 406 4322 juria
424 4260 450 4307 st
467 4259 541 4307 actor
557 4272 645 4306 ocaea-
683 4259 764 4306 tatere
790 4257 909 4319 snuding
940 4255 1021 4304 round
1046 4260 1075 4305 to
1101 4255 1185 4304 watch
1216 4253 1260 4304 tho

65 4322 266 4440 himaiiiissi
277 4321 646 4452 &manahim
682 4336 789 4450 “isia
835 4383 943 4450 ossam
977 4383 1089 4444 ‹ouan
1132 4383 1241 4436 suesti

66 4455 157 4504 soltus.
190 4452 231 4504 He
248 4457 316 4502 must
334 4452 399 4502 have
415 4451 477 4501 been
493 4451 557 4502 alive
573 4451 645 4502 when
683 4449 791 4516 hitten]

66 4515 560 4583 thioposmwwritteubutroryold.
592 4512 645 4566 'I'he
715 4517 774 4566 333.
789 4512 1161 4579 mamerto-mm]
1189 4513 1261 4564 ‘ceu-
