3000 4984
212 420 360 484 INDEX
384 421 653 486 SATIRARUM
675 421 731 486 ΕΤ
751 422 1089 489 EPISTOLABUM.

185 590 243 640 Ulla
253 592 273 639 si
279 591 344 654 juris
354 591 400 640 tibi
411 589 522 656 peierati,
534 591 561 641 0.
573 591 610 642 ΙΙ.
621 591 674 642 viii.

185 655 254 705 Uxor
264 656 376 720 pauperis
388 657 464 722 Ibyci,
477 657 504 706 O.
518 657 569 706 111.
581 673 621 706 xv,

184 721 262 770 Velox
272 737 402 770 amoenum
413 737 484 786 suepe
495 723 651 780 Lucretilem,
663 722 692 772 O.
702 722 725 772 1.
736 722 795 772 xvii.

184 785 266 842 Vides,
279 791 307 834 ut
318 786 370 834 alta
380 790 431 836 stet
442 787 498 836 nive
509 787 648 845 candidum,
658 787 685 837 (Ι.
698 789 719 837 Ι.
730 788 763 836 ix.

185 849 241 900 Vile
251 851 347 914 potabis
358 850 459 900 modicis
471 852 596 908 Sabinum,
607 853 634 902 O.
646 853 668 901 1.
679 869 719 902 xx.

185 915 258 964 Vites
268 915 384 964 hinnuleo
394 932 434 965 me
444 917 537 976 similis,
547 917 630 973 Chloe,
644 917 672 968 O.
683 918 705 966 1.
718 917 786 967 xxiii.

184 980 243 1029 Vixi
252 981 341 1044 puellis
350 996 428 1044 nuper
438 982 546 1040 idoneus,
558 983 586 1033 O.
598 982 650 1032 111.
661 983 727 1032 xxvi.
819 1033 822 1038 ,

477 1189 524 1252 Π.
550 1189 830 1257 SATIRARUM.
926 1203 930 1212 '

184 1333 376 1385 Ambubaiarum
387 1335 496 1399 collegia,
508 1337 716 1400 pharmacopolae,
727 1338 771 1388 lib.
783 1339 806 1387 1.
817 1339 843 1388 ii.

185 1399 317 1462 Egressum
327 1416 418 1463 magne
429 1417 468 1449 me
479 1403 574 1465 excepit
584 1403 667 1450 Aricia
678 1403 764 1460 Roma,
779 1405 822 1452 lib.
834 1405 855 1453 Ι.
868 1420 892 1453 v.

185 1465 286 1527 Eupolis
297 1469 371 1528 utque
383 1465 499 1514 Cratinus
509 1467 732 1531 Aristophanesque
742 1472 836 1531 poetae,
849 1469 891 1518 lib.
904 1470 925 1519 Ι.
936 1471 971 1521 iv.

185 1528 241 1578 Hoc
251 1533 306 1578 erat
315 1531 343 1578 in
352 1531 428 1579 votis:
446 1531 532 1580 modus
543 1533 596 1594 agri
606 1547 656 1581 non
667 1533 704 1580 ite
714 1549 826 1597 magnus,
837 1533 880 1582 lib.
892 1535 928 1585 11.
939 1537 973 1586 ui.

186 1594 241 1643 Hoc
251 1611 355 1658 quoque,
366 1596 465 1653 liresie,
477 1601 573 1659 praeter
582 1601 684 1646 narrata
694 1599 797 1660 petenti,
809 1599 850 1646 lib.
863 1599 900 1647 ΙΙ.
912 1617 937 1650 v.

185 1658 255 1707 Ibam
265 1660 331 1709 forte
341 1661 381 1708 via
393 1661 474 1718 Sacra,
486 1662 550 1709 sicut
562 1677 629 1710 meus
641 1666 678 1710 eat
689 1677 747 1718 mos,
760 1663 803 1712 lib.
816 1663 837 1710 1.
848 1664 882 1712 ix.

185 1724 202 1772 J
204 1723 336 1773 amdudum
347 1725 459 1774 ausculto
470 1737 495 1774 et
507 1727 606 1789 cupiens
616 1727 663 1776 tibi
675 1726 755 1776 dicere
766 1743 858 1787 servus,
869 1728 912 1778 lib.
924 1729 961 1779 11.
972 1729 1016 1781 vll.

184 1789 279 1852 Nempe
291 1789 450 1853 incomposito
462 1791 512 1838 dixi
554 1792 692 1840 decurrere
702 1808 793 1851 versus,
803 1783 846 1842 lib.
858 1793 915 1842 Lx.

185 1853 317 1918 Nonquia,
330 1855 466 1912 Maecenas,
478 1855 499 1902 L
532 1871 601 1904 orum
613 1857 731 1934 quidquid
744 1857 867 1915 Etruscos,
878 1859 922 1906 lib.
932 1857 955 1907 Ι.
965 1859 1000 1909 vi.

184 1917 249 1966 Olim
260 1923 363 1968 truncus
374 1935 441 1968 mam
453 1871 563 1978 ficulnus,
576 1921 664 1970 inutile
674 1922 778 1984 lignum,
789 1923 833 1970 lib.
845 1923 866 1971 Ι.
877 1924 928 1972 viii.

184 1983 304 2032 Omnibus
314 1984 361 2034 hoc
371 1985 462 2033 vitium
473 1991 510 2033 est
521 1986 670 2042 centonibus,
682 1987 747 2036 iuter
758 1987 855 2045 amicos,
866 1988 910 2037 lib.
921 1987 943 2036 1.
953 1987 989 2038 ΙΙΙ.

184 2047 319 2112 Proscripti
330 2049 406 2113 Regis
418 2049 501 2113 Rupili
511 2067 558 2114 pus
569 2055 643 2114 atque
654 2067 783 2109 uenenum,
794 2051 836 2100 lib.
848 2053 869 2100 Ι.
881 2053 923 2101 vii.

184 2112 253 2170 Quae
263 2113 342 2162 virtus
352 2120 377 2162 et
388 2119 488 2177 quantu,
499 2116 565 2172 boni,
576 2115 610 2164 sit
620 2115 702 2164 vivers
712 2131 794 2180 parvo,
805 2117 847 2166 lib.
860 2117 896 2166 ΙΙ.
906 2117 934 2167 ii.

183 2177 233 2235 Qui
244 2179 280 2234 lit,
292 2178 428 2236 Maecenas,
440 2183 469 2228 nt
480 2195 560 2238 nemo,
570 2196 643 2243 quam
654 2181 700 2228 sibi
711 2185 810 2238 sortem,
820 2183 862 2230 ΙΙΙ).
873 2180 925 2232 Ι.Ι.

182 2242 223 2290 Sic
234 2258 289 2291 raro
300 2245 393 2300 scribis,
403 2249 434 2292 ut
445 2249 499 2293 toto
510 2261 558 2292 non
569 2250 656 2308 quater
667 2261 738 2302 anno,
750 2246 793 2295 lib.
805 2246 842 2294 11.
853 2247 888 2294 iii.

184 2306 255 2364 Sunt,
267 2309 355 2370 quibus
366 2309 392 2356 in
403 2311 480 2358 satira
489 2309 573 2358 videor
583 2311 655 2358 nimis
666 2326 721 2358 acer
731 2316 758 2360 et
768 2312 843 2367 ultra,
854 2311 896 2360 lib.
908 2309 945 2359 11.
955 2310 973 2360 i.

183 2370 256 2420 Unde
266 2378 292 2421 et
302 2389 351 2436 quo
361 2373 447 2422 Cetius
456 2374 468 2421 i
501 2375 558 2423 Nou
569 2379 607 2423 est
617 2375 678 2424 mihi
689 2379 786 2439 tempus
796 2377 888 2434 eventi,
898 2376 942 2426 lib.
952 2376 990 2426 11.
999 2375 1036 2429 iv·

182 2435 220 2486 Ut
230 2437 357 2486 Nasidieni
365 2439 433 2502 juvit
443 2443 469 2488 te
480 2453 554 2487 coens
565 2440 638 2497 beati,
650 2440 692 2488 lib.
704 2440 740 2489 11.
750 2441 803 2490 viii.

435 2644 503 2709 III.
527 2645 866 2712 EPISTOLARUM.

182 2791 246 2850 Albi,
257 2795 398 2843 nostrorum
410 2809 547 2844 sermonum
559 2797 661 2845 candide
673 2797 754 2854 'udex,
765 2796 808 2847 lib.
819 2797 842 2846 Ι.
854 2798 887 2847 iv.

183 2859 253 2908 Celso
264 2858 370 2922 gaudere
381 2863 406 2908 et
417 2859 478 2908 bene
489 2876 540 2908 rem
552 2876 637 2922 gerere
647 2863 669 2908 A
680 2862 807 2918 binomine,
817 2862 861 2912 lib.
874 2864 895 2912 Ι.
905 2862 960 2915 viii.

183 2923 245 2973 Cum
256 2928 296 2972 tot
306 2925 426 2972 sustineas
438 2929 463 2972 et
474 2929 546 2973 tanta
557 2927 656 2989 negotia
667 2928 738 2984 solus,
750 2926 794 2975 lib.
805 2926 843 2976 IL
854 2927 870 2976 i.

183 2987 260 3046 Flore,
273 2988 336 3037 bono
346 2988 457 3052 claroque
469 2989 547 3038 lidelis
558 2992 634 3038 umice
646 2991 746 3047 Neroni,
758 2992 800 3040 lib.
813 2992 849 3040 ΙΙ.
860 2992 887 3040 ΙΙ.

182 3052 313 3102 Fructibus
324 3054 448 3118 Agrippae
460 3055 554 3111 Siculis,
566 3071 627 3119 quos
635 3057 736 3120 colligis,
749 3056 807 3112 Icci,
820 3057 862 3105 lib.
874 3055 896 3106 Ι.
906 3056 950 3106 xii.

182 3117 299 3167 Humano
310 3117 383 3182 ospiti
396 3119 513 3168 cervicem
523 3120 604 3182 pictor
615 3122 736 3184 equinam,
745 3123 777 3170 A.
788 3120 818 3169 P.

183 3183 235 3231 Jnli
247 3183 326 3240 Flore,
337 3183 424 3246 quibus
434 3189 557 3232 terrarum
568 3185 660 3234 militet
670 3186 726 3242 oris,
737 3185 781 3236 lib.
792 3186 814 3233 1.
825 3184 860 3235 iii.

183 3247 222 3296 Ne
233 3248 389 3312 perconteris,
400 3248 490 3298 fundus
501 3265 577 3307 mens,
589 3251 681 3314 optime
691 3249 787 3308 Quinti,
799 3250 841 3298 lib.
853 3249 876 3298 1.
885 3249 937 3300 xvi.

182 3312 225 3360 Nil
237 3313 352 3362 admirari
363 3329 438 3378 prope
452 3329 491 3362 res
502 3318 540 3362 est
551 3330 607 3371 una,
619 3314 727 3370 Numici,
738 3314 781 3363 lib.
794 3314 815 3362 Ι,
826 3315 861 3364 vi.

183 3377 268 3426 Prima
277 3378 343 3427 dicte
353 3378 423 3437 mihi,
434 3394 529 3428 summa
540 3379 642 3428 dicende
652 3379 767 3436 Camena,
777 3380 821 3428 lib.
832 3379 882 3429 Li.

183 3442 266 3492 Prisco
277 3443 297 3491 si
308 3444 393 3500 credis,
405 3443 533 3492 Maecenas
544 3444 622 3500 docte,
634 3443 743 3502 Cratino,
754 3445 797 3493 lib.
809 3445 832 3493 1.
842 3445 891 3493 xix.

182 3507 251 3566 Quae
262 3508 296 3557 sit
306 3507 384 3556 hiems
395 3507 485 3566 Veliae,
497 3509 562 3573 quod
573 3509 674 3566 coelum,
686 3508 757 3566 Vale,
769 3509 870 3567 Salerni,
880 3509 923 3559 lib.
934 3507 956 3558 Ι.
967 3523 1009 3560 xv.

182 3572 418 3630 QuamvimScaeus,
430 3574 489 3621 satis
506 3589 549 3636 per
560 3578 585 3622 te
596 3574 643 3623 tibi
653 3573 766 3630 consulis,
778 3579 805 3623 et
820 3575 873 3631 scis,
885 3575 928 3624 lib.
940 3575 961 3624 1.
972 3573 1033 3628 xvii.

183 3636 249 3696 Quid
260 3637 307 3686 tibi
318 3638 369 3686 visa
381 3637 461 3694 Chios,
475 3638 575 3695 Bullati,
586 3642 693 3702 notaque
704 3639 803 3696 Lesbos,
817 3640 859 3689 lib.
871 3639 938 3688 1.1i.

183 3701 298 3766 Quinque
308 3703 360 3751 dies
370 3703 416 3751 tibi
427 3704 549 3767 pollicitus
560 3720 599 3752 me
612 3719 669 3753 rure
680 3704 801 3760 futurum,
812 3704 856 3753 lib.
867 3703 890 3753 Ι.
901 3704 944 3754 vii.

183 3767 322 3830 Septimius,
335 3767 429 3824 Claudi,
441 3768 556 3816 nimirum
568 3767 646 3817 intelli
665 3769 686 3817 't
696 3785 769 3827 nnus,
780 3770 822 3818 lib.
834 3768 857 3817 Ι.
868 3770 900 3818 ix.

184 3831 209 3880 Si
221 3833 282 3881 beno
292 3836 319 3881 te
329 3832 395 3889 novi,
406 3838 506 3889 metues,
518 3833 641 3900 liberrime
688 3833 723 3890 lli,
734 3834 778 3883 lib.
790 3834 812 3883 I.
823 3834 890 3883 xviii.

184 3895 210 3944 Si
220 3901 289 3960 potes
299 3897 425 3946 Archiacis
436 3899 538 3946 convive
548 3900 687 3948 recumbere
698 3898 776 3956 lectis,
785 3899 827 3947 lib.
839 3899 862 3948 1.
874 3915 900 3948 v.

183 3960 282 4026 'lhoJani
292 3962 350 4011 belli
360 3963 511 4026 scriptorem,
522 3965 628 4012 maxime
639 3963 710 4020 Lolli,
720 3964 763 4012 lib.
776 3964 797 4012 Ι.
808 3963 834 4012 ii.

183 4024 258 4074 Urbis
268 4031 402 4076 amatorem
415 4027 520 4077 Fuscum
531 4029 623 4078 salvere
629 4028 753 4092 jubemus,
763 4028 806 4077 lib.
818 4028 840 4077 Ι.
850 4044 875 4077 x.

183 4089 220 4140 Ut
233 4092 426 4154 proticiscentem
437 4093 508 4141 docui
523 4096 548 4141 te
559 4109 630 4158 saepe
640 4094 739 4157 diuque,
748 4093 792 4142 lib.
804 4093 825 4142 Ι.
836 4093 888 4142 xiii.

184 4155 349 4206 Vertumnum
359 4157 507 4221 Janumque,
518 4158 586 4216 liber,
597 4163 705 4222 spectare
715 4158 813 4216 videris,
823 4159 867 4207 lib.
878 4157 901 4206 Ι.
911 4171 954 4208 xx.

183 4218 271 4273 Villio
281 4222 397 4272 silvarum
406 4226 433 4272 et
443 4223 505 4272 mihi
515 4238 555 4273 me
564 4223 690 4274 reddentis
700 4221 781 4289 agelli,
792 4223 835 4272 lib.
849 4224 870 4272 l.
879 4221 930 4273 xiv.

1184 425 1247 490 ⁷35
